2259 3875
250 195 322 253 14
808 171 1122 249 Sitntfsrn
1152 186 1474 250 Onam.

239 367 359 428 que
380 347 508 426 opis
529 353 631 412 aut
644 347 773 425 spei
790 346 1096 408 haberent.
1181 346 1339 407 Tum
1365 344 1613 406 Catilina
1629 346 1902 424 polliceri
1920 350 2105 413 ‘³tabu·

234 443 325 502 las
339 459 539 510 novas,
557 439 1487 526 ⁵proscriptionemlocupletium,
1509 441 1893 516 magistratus,
1909 462 2102 514 sacer·

232 533 413 604 dotia,
454 535 709 612 rapinas,
724 534 836 593 alia
861 535 1052 594 onmia
1087 553 1239 610 quae
1258 534 1480 594 bellum
1498 542 1673 613 atque
1693 535 1897 596 lubido
1919 536 2106 598 victo·

144 688 157 695 ,
228 645 366 691 rum
401 627 535 688 fert.
579 627 908 687 Praeterea
928 645 1061 686 esse
1084 626 1144 685 in
1166 626 1460 704 Hispania,
1486 627 1794 688 “citeriore
1815 629 2104 702 Pisonem,

227 721 653 782 inMauritania
671 741 805 782 cum
830 721 1096 782 exercitu
1135 722 1196 780 Ρ.
1222 722 1450 784 Sittium
1473 722 1863 795 Nucerinum,
1878 727 2105 785 consilii

225 814 319 873 sui
339 815 676 891 participes,
699 822 908 891 petere
948 816 1311 876 consulatum
1349 815 1421 874 C.
1447 807 1779 886 Antonium,
1798 836 1974 895 quem
1991 817 2107 877 sibi

222 908 510 984 collegam
530 907 658 968 fore
673 910 967 985 speraret,
989 909 1283 970 hominem
1300 917 1363 969 et
1377 907 1737 979 familiarem,
1755 919 1818 969 et
1838 911 2104 970 omnibus

220 989 755 1062 necessitudinibus
807 1002 1271 1062 circumventum
1317 1025 1331 1060 :
1378 1003 1475 1061 ⁷eo
1525 1005 1825 1063 consulem
1875 1004 2108 1063 initium

225 1095 431 1169 agendi
453 1094 756 1154 facturum.
800 1096 888 1153 Ad
908 1095 1668 1169 hoc,maledictis⁸increpat
1686 1097 1867 1154 omnis
1883 1098 2062 1154 bonos
2085 1117 2099 1155 z

225 1203 473 1245 suorum
523 1205 1005 1264 unumquemque
1046 1190 1349 1247 nominans
1396 1189 1636 1245 laudare
1665 1210 1680 1243 ε
1742 1188 2109 1249 ”admonebat

224 1277 403 1338 alium
444 1279 737 1354 egestatis,
769 1280 944 1339 alium
975 1277 1346 1356 ¹⁰cupiditatis
1391 1297 1552 1336 suae.
1583 1277 1917 1353 complures
1941 1279 2103 1355 peri-

220 1370 342 1429 culi
369 1379 471 1431 aut
494 1373 862 1448 ignominiae,
890 1376 1099 1454 multos
1146 1370 1423 1438 victoriae
1452 1371 1743 1438 Sullanae,
1791 1373 2001 1449 quibus
2030 1390 2109 1432 ea

216 1465 481 1539 praedae
507 1466 717 1525 fuerat.
802 1467 1110 1540 Postquam
1138 1463 1390 1521 omnium
1416 1463 1638 1521 animos
1663 1465 1868 1523 alacris
1898 1465 2059 1523 videt
2088 1488 2103 1537 ;

219 1557 580 1627 cohortatus,
610 1565 677 1617 ut
699 1557 1042 1635 petitionem
1070 1575 1234 1614 suam
1279 1573 1460 1614 curae
1508 1556 1815 1628 haberent,
1842 1576 2106 1616 conven-

210 1653 345 1734 ,tum
372 1651 604 1709 dimisit.
964 1637 969 1642 ’

300 1742 492 1800 XXII.
535 1743 743 1800 Fusae
774 1761 843 1801 ea
890 1749 1260 1818 tempestate,
1304 1742 1401 1819 qui
1448 1743 1735 1816 dicerent,
1764 1743 2102 1816 Catilinam,

220 1837 487 1898 oratione
511 1834 726 1900 habita,
748 1852 880 1891 cum
903 1834 971 1891 ad
989 1835 1396 1907 jusjurandum
1419 1839 1715 1913 popularis
1744 1839 1988 1897 sceleris
2009 1838 2103 1896 sui

219 1926 502 2002 adigeret,
548 1924 825 1983 uhumani
854 1924 1119 2000 corporis
1150 1925 1509 1998 sanguinem,
1540 1929 1674 1985 vino
1726 1931 2104 2002 permixtum,

218 2021 283 2079 in
307 2020 528 2095 pateris
572 2015 1047 2088 circumtulisse3
1088 2017 1265 2075 1²3inde
1313 2035 1445 2074 cum
1477 2024 1606 2092 post
1635 2020 2108 2080 exsecrationem

216 2131 419 2189 nunes
446 2111 927 2188 degustavissent,
954 2110 1124 2168 sicuti
1153 2109 1210 2167 in
1232 2109 1584 2168 solemnibus
1605 2112 1783 2169 sacris
1807 2112 1937 2170 fieri
1959 2132 2105 2173 con·

216 2211 433 2275 suevit,
461 2206 764 2283 aperuisse
790 2180 1095 2261 consilium
1121 2221 1308 2271 suum,
1333 2202 1550 2278 ¹³atque
1571 2223 1667 2271 eo,
1655 2184 1984 2285 dictitare,
2012 2206 2105 2266 fe·

218 2301 395 2370 cisae,
422 2319 539 2378 quo
566 2299 721 2358 inter
746 2314 812 2356 se
843 2294 939 2352 fidi
990 2295 1168 2369 magis
1192 2293 1409 2363 forent,
1434 2296 1620 2355 “alius
1641 2278 1743 2355 alii
1785 2301 1926 2358 tanti
1959 2299 2106 2359 faci

216 2397 379 2455 noris
407 2392 647 2457 conscii.
756 2387 1038 2449 Nonnulli
1066 2387 1202 2447 ficta
1233 2392 1403 2459 haec,
1432 2392 1609 2450 multa
1637 2399 1971 2469 praeterea,
1994 2411 2105 2451 ex-

217 2489 584 2554 istumabant,
613 2476 801 2551 abiis,
831 2483 929 2561 qui
974 2481 1325 2555 ¹⁵Ciceronis
1373 2483 1668 2555 iuvidiam,
1715 2506 1865 2562 quae
1895 2493 2110 2561 postea

218 2590 347 2642 orta
370 2591 484 2651 est,
512 2579 689 2638 leniri
730 2579 1049 2638 credebant
1100 2578 1402 2637 atrocitate
1450 2580 1695 2638 sceleris
1738 2597 1966 2644 eorum,
1997 2583 2109 2654 qui

217 2692 441 2754 poenas
467 2674 772 2733 dederant.
802 2686 812 2695 ’
856 2671 1038 2729 Nobis
1058 2689 1129 2730 ea
1174 2690 1271 2730 res
1297 2672 1449 2747 ¹⁶pro
1469 2673 1861 2749 magnitudine
1890 2691 2111 2749 parum

218 2776 524 2846 comperta
551 2772 657 2824 est.

300 2862 520 2920 xxm.
566 2859 684 2916 San
712 2856 770 2916 in
798 2876 871 2916 ea
912 2857 1347 2917 ”conventione
1393 2857 1501 2915 fuit
1546 2858 1620 2925 Q,
1663 2853 1901 2922 Curius,
1931 2863 2116 2919 natus

218 2951 652 3017 hmnbscuro
679 2951 834 3020 loco,
861 2949 1128 3026 ¹“flagitiis
1155 2961 1333 3028 atque
1361 2946 1708 3007 facinoribus
1735 2950 2058 3020 coopertus
2093 2972 2112 3023 ς

224 3063 403 3122 quem
420 3064 698 3107 ommes
726 3051 953 3109 senatu,
982 3046 1183 3120 probri
1230 3042 1434 3119 gratia,
1461 3042 1854 3099 ¹²amoverant.
1938 3039 2114 3102 Huic

224 3136 445 3200 homini
473 3154 585 3193 non
626 3139 816 3199 minor
836 3137 1122 3203 ²⁰vanita2,
1172 3151 1344 3211 quam
1388 3134 1625 3194 audacia
1655 3154 1670 3190 t
1715 3150 1909 3211 neque
1954 3132 2114 3194 reti·

222 3246 389 3298 cere,
416 3244 568 3307 quae
594 3232 872 3297 auhn-at.
894 3248 1089 3307 neque
1106 3235 1335 3287 ¹suamet
1360 3227 1488 3306 ipse
1504 3229 1734 3288 scelera
1751 3222 2062 3311 occultate
2094 3252 2110 3285 ε

229 3339 475 3404 prmus
496 3338 694 3401 neque
718 3322 942 3398 dicere,
967 3342 1165 3405 neque
1202 3321 1423 3398 facere,
1464 3323 1774 3403 quidquam
1796 3313 1964 3397 pensi
1990 3312 2112 3382 ha*
