2259 3875
733 281 1389 357 PRAEFATIO

482 456 487 461 ⁴
598 519 1008 589 QUARTAE
1048 519 1530 579 EDITIONIS.

176 754 182 758 ’
212 727 622 815 PnAEcanonn
650 776 783 815 meo
814 757 1137 816 venerabili
1179 756 1306 816 fatis
1337 759 1603 833 abrepti),
1634 757 2007 834 Sallustiique

74 874 80 882 ·
130 848 202 904 ab
247 847 350 913 isso
392 850 575 905 ornati
627 848 1097 923 redemptoribus
1141 850 1389 907 librariis
1442 868 1646 907 novam
1696 849 2008 907 editionem

132 939 239 1010 sub
266 943 497 1015 prelum
529 942 809 1009 missurio,
851 960 991 999 cura
1034 942 1174 999 mibi
1202 943 1541 1000 demandata
1574 940 1684 999 fuit
1725 961 1871 1018 opus
1909 962 2007 1016 pa-

131 1041 306 1095 rente
354 1033 465 1089 suo'
507 1023 869 1090 orbatum'in
914 1034 1154 1100 tutelam
1197 1054 1381 1093 meam
1422 1034 1768 1111 recipiendi.
1875 1034 2009 1091 Non

130 1127 313 1201 magis
343 1126 553 1197 officia,
584 1147 752 1204 quam
771 1129 1031 1204 jucunda
1062 1130 1473 1188 beneficiorum
1502 1133 1781 1189 memoria
1801 1132 2010 1189 adduc-

69 1233 75 1238 ·
129 1227 222 1278 tus
250 1239 376 1277 sum
405 1229 469 1278 ut
489 1241 634 1279 onus
660 1224 770 1280 hoc
796 1224 1006 1280 laboris
1030 1224 1460 1300 suscipiendum
1485 1235 1774 1301 putarem.
1861 1224 2010 1282 Nam

133 1331 310 1390 quum
361 1334 524 1376 mens
568 1336 695 1374 mea
732 1305 862 1375 vitae
905 1326 1182 1428 anffctae
1231 1321 1504 1395 spatium,
1535 1328 1709 1395 atque
1760 1318 2012 1376 ineuntis

133 1409 247 1467 aevi
288 1409 571 1467 inscitiam
609 1412 908 1487 respicere
953 1414 1212 1488 incipiat,
1242 1416 1395 1470 hunc
1427 1415 1597 1470 video
1627 1409 1765 1470 mihi
1797 1413 2011 1486 princi·

130 1519 272 1577 pem
301 1510 362 1561 et
391 1505 456 1560 ad
488 1504 915 1579 ingrediendam
966 1493 1121 1564 et‘a'd
1154 1509 1619 1582 prosequendam
1662 1506 2011 1579 optimorum

130 1594 457 1653 studiorum
487 1600 759 1672 optimam
805 1601 1082 1657 rationem
1127 1601 1408 1655 extitisse.
1501 1599 1609 1651 llio
1652 1597 1836 1653 facem
1866 1615 2014 1669 prae·

134 1686 389 1748 ferente.
433 1694 648 1748 saecula
696 1693 1002 1764 praeterita
1050 1690 1390 1761 veterisque
1428 1688 1640 1758 ingenii
1690 1692 2014 1757 thesaurOS,

133 1771 323 1839 fausto
352 1784 506 1855 pede
536 1781 929 1854 auspiciisque
957 1780 1253 1840 secundis,
1285 1781 1569 1836 accedere
1600 1789 1772 1855 atque
1805 1780 2019 1838 intueri

133 1895 376 1954 semper
403 1858 758 1942 faci‘nimum‚
789 1884 849 1932 et
876 1874 1079 1933 felices
1099 1875 1182 1930 1111
1203 1875 1407 1951 quibus
1435 1895 1544 1932 nec
1570 1875 1833 1951 improba
1850 1875 2018 1934 Siren

138 1972 380 2038 desidia,
412 1990 518 2028 nec
549 1976 915 2046 contemptor
937 1971 1159 2027 animus
1184 1972 1472 2045 nimiaque
1492 1973 1565 2027 de
1583 1991 1649 2027 se
1674 1970 2019 2029 existimatio

90 2090 95 2096 ¹
133 2066 363 2125 fructus
391 2068 717 2124 uberrimos
746 2068 1012 2141 capiendi
1058 2068 1426 2124 occasionem
1445 2067 1817 2148 abstulerint.
1902 2066 2019 2124 Na-

135 2168 286 2219 turae
317 2162 544 2218 tandem
574 2161 861 2218 concessit
890 2163 982 2217 sir
1009 2162 1163 2216 omni
1196 2178 1323 2216 mea
1344 2160 1514 2217 laude
1545 2159 1931 2233 praestantior,
1961 2167 2022 2218 et

36 2283 45 2288 ·
134 2254 403 2314 mortalia
435 2254 700 2330 linquens
729 2255 786 2311 in
829 2268 1048 2312 aeterna
1078 2254 1562 2318 migravit—Sed
1593 2272 1873 2310 memoria
1899 2254 2019 2310 lau-

138 2349 367 2424 desque
394 2354 498 2407 tui:
523 2352 740 2422 optime
770 2359 1203 2423 praeceptorum
1234 2359 1406 2423 atque
1431 2349 1698 2412 amicum,
1728 2366 2021 2422 nunquam

137 2442 198 2499 in
223 2439 525 2502 oblivione,
556 2442 870 2514 jacebunt!
935 2443 1087 2496 Dum
1133 2442 1330 2513 pietati
1376 2442 1579 2507 honos,
1609 2443 1743 2497 dum
1763 2439 2023 2515 jucunda

137 2518 838 2600 liumanitaffiexercitata
866 2542 1039 2608 atque
1066 2534 1348 2607 praeclara
1368 2533 1673 2609 disciplina
1699 2535 2020 2594 conforma·

139 2630 349 2705 tioque
374 2618 847 2702 doctrinae'apud
895 2629 1157 2686 homines
1208 2648 1415 2686 nomen
1465 2633 1863 2690 venerandum
1912 2632 2022 2690 sibi

138 2731 503 2798 comparant,
533 2724 668 2779 dum
698 2732 1041 2796 praestantes
1068 2723 1183 2780 iuae
1213 2723 1747 2800 pulcherrimaeque
1777 2726 2022 2783 virtutes

140 2817 333 2893 palma
359 2815 665 2882 donantur,
690 2835 821 2893 quae
846 2818 1115 2875 tenebras
1140 2816 1266 2874 vitae
1288 2816 1495 2875 offusas
1523 2819 1820 2876 discutere
1850 2828 2022 2896 atque

141 2911 319 2979 viam,
361 2928 475 2985 qua
500 2910 556 2967 in
587 2918 862 2968 aeternam
908 2911 1153 2986 patriam
1190 2911 1543 2981 ascenditur,
1572 2913 1730 2968 clara
1756 2911 1891 2969 luce
1921 2931 2026 2970 sua
2085 2946 2090 2951 ’

145 3001 469 3060 θααίἰὶοτεω
496 3004 749 3061 reddere
800 3005 1098 3066 valebunt.
1143 3004 1270 3080 quis
1312 3005 1425 3062 erit
1467 3004 1565 3079 qui
1606 3020 1720 3058 non
1763 3003 1848 3060 tui
1890 3022 2024 3063 cum

148 3096 437 3154 charitate
458 3103 518 3155 et
536 3096 948 3169 benevolentia
969 3096 1436 3155 recordationem
1456 3093 1835 3170 gratissimam
1854 3113 2022 3154 usur-

146 3172 302 3265 pe‘t?
1130 3209 1136 3213 ·
1995 3210 1998 3213 -

225 3279 497 3343 Manibus
550 3281 666 3340 viri
710 3281 1021 3342 doctissimi
1069 3281 1339 3364 expiatis,
1389 3279 1449 3337 in
1496 3279 1891 3335 concinnanda
1916 3277 2026 3333 hac

143 3376 402 3439 editione
431 3376 570 3457 quid
596 3376 827 3436 consilii
861 3377 1147 3455 ceperim,
1176 3382 1276 3434 aut
1312 3394 1423 3450 qua
1465 3368 1691 3428 ratione
1726 3369 1785 3425 id
1812 3368 2024 3426 fuerim
