2259 3875
677 276 991 335 Sauumr
1019 271 1339 334 Canum.
1790 341 1796 350 ,
1873 281 1895 333 1
1917 282 1934 332 Ι

94 435 273 495 vivere
294 433 470 512 copia
492 423 636 502 erat,
657 431 881 492 incerta
906 435 1016 509 pro
1033 431 1238 501 certis,
1254 430 1496 500 bellum,
1520 447 1689 508 quam
1716 450 1940 509 pacem,

90 528 374 587 malebant.
462 523 654 584 Fuere
680 525 823 584 item
845 531 917 582 ea
958 530 1325 601 tempestate,
1369 523 1469 600 qui
1497 522 1814 583 crederent
1855 524 1938 583 Μ.

90 619 361 681 Licinium
389 617 661 684 Crassum
687 635 799 678 non
842 618 1102 693 ignarum
1132 616 1259 693 ejus
1287 617 1513 675 consilii
1540 616 1762 689 suisse3
1806 617 1942 698 quia

88 710 183 771 Cn.
215 713 543 790 Pompeius,
572 711 789 770 invisus
830 710 967 787 ipsi,
995 728 1262 784 magnum
1289 710 1614 768 exercitum
1649 709 1937 778 ductabat,

38 805 320 883 cujusvis
343 824 488 882 opes
507 804 765 864 voluisse
793 809 998 862 contra
1018 801 1174 860 illius
1194 803 1509 878 potentiam
1530 820 1809 862 crescere
1831 801 1942 871 :si-
1968 813 1980 850 ἱ

84 899 186 955 mul
199 897 499 964 confisum
522 896 572 957 si
588 895 915 975 conjuratio
938 894 1236 963 valuisset,
1262 894 1428 955 facile
1446 895 1599 972 apud
1624 895 1757 953 illos
1783 894 1940 1054 prin
2017 955 2024 963 ,

81 989 261 1065 cipem
281 1009 346 1050 se
373 990 524 1049 sore.

146 1081 538 1142 xv111.Sm>
566 1091 733 1143 antea
771 1086 905 1145 item
931 1085 1323 1162 conjuravere
1366 1079 1538 1159 pauci
1564 1087 1766 1139 contra
1789 1097 1938 1139 rem-

82 1176 378 1250 publicam,
427 1175 485 1233 in
515 1175 725 1251 quibus
755 1178 1041 1249 Catilina3
1081 1177 1224 1236 de⁵⁰
1225 1194 1356 1252 qua,
1408 1194 1579 1250 quam
1621 1174 1942 1233 verissume

81 1276 296 1342 potero,
323 1268 530 1327 dicam.
560 1268 627 1326 L.
678 1268 880 1338 Tullo,
911 1273 997 1330 M.
1043 1270 1269 1346 Lepido
1296 1268 1651 1340 consulibus,
1688 1267 1798 1327 (ΝΡ.
1829 1270 1942 1330 Au·

82 1360 284 1420 tronius
329 1369 389 1420 et
435 1360 502 1419 P.
556 1361 735 1436 Suu-a,
782 1363 1006 1439 legibus
1043 1363 1284 1421 ambitus
1330 1361 1688 1437 interrogati,
1729 1380 1944 1437 poenas

80 1449 365 1512 dederant.
448 1453 587 1515 Post
629 1457 830 1531 paullo
878 1456 1148 1524 Catilina,
1193 1454 1577 1530 pecuniarum
1619 1454 1939 1531 “repetun-

81 1542 262 1604 darum
303 1564 463 1617 reus,
511 1548 843 1623 prohibitus
885 1557 1012 1607 erat
1051 1548 1412 1636 confftilatum
1454 1553 1684 1623 petere,
1729 1547 1928 1624 a⁵³quod

80 1636 209 1697 intra
255 1640 545 1715 legitimos
599 1641 725 1700 dies
778 1641 1046 1717 profiteri
1102 1640 1460 1716 nequiverit.
1545 1638 1688 1697 Erat
1736 1640 1942 1697 eodem

79 1734 325 1807 tempore
355 1732 468 1790 Cn.
514 1732 673 1802 Piso,
702 1734 1045 1791 adolescens
1082 1733 1314 1802 nobilis,
1349 1748 1606 1791 summae
1651 1731 1944 1801 audaciae,

80 1839 256 1897 egens,
288 1823 594 1890 factiosus,
626 1841 802 1899 quem
829 1826 896 1884 ad
924 1826 1376 1904 perturbandam
1407 1819 1823 1904 rempublicam
1859 1825 1942 1884 in-

84 1914 184 1991 opia
215 1924 399 1995 atque
428 1917 560 1976 mali
588 1935 791 2001 mores*
811 1911 1197 1980 stimulabant.
1270 1919 1419 1979 Cum
1448 1920 1583 1989 hoc,
1613 1920 1866 1995 Catilina
1887 1927 1946 1979 et

79 2007 437 2077 ”Aah-onius,
466 2012 710 2073 consilio
738 2016 1183 2082 communicato,
1227 2015 1506 2089 parabant
1545 2013 1603 2071 in
1632 2013 1946 2091 CapitoliO,

76 2099 377 2164 ”Kalendis
403 2103 716 2174 Januariis
742 2106 810 2164 L.
847 2108 1079 2166 Cottam
1103 2113 1164 2163 et
1183 2106 1252 2161 L.
1287 2105 1652 2181 Torquatum
1675 2108 1946 2166 consules

73 2190 438 2269 interficere3
476 2199 631 2275 ⁶⁵ipsi
647 2198 938 2258 ⁶⁶fascibus
962 2196 1280 2274 correptis,
1326 2183 1636 2254 Pisonem
1619 2215 1752 2255 cum
1775 2215 1944 2254 exer-

72 2286 179 2349 citu
198 2292 272 2349 ad
315 2291 655 2351 obtinendas
684 2292 824 2351 duas
850 2290 1206 2366 “Hispanias
1247 2287 1502 2345 mittere.
1587 2286 1673 2346 Ea
1715 2308 1785 2346 re
1813 2307 1945 2364 cog-

72 2364 192 2456 nita,
230 2400 436 2442 rursus
464 2385 522 2440 in
553 2382 753 2440 Nonas
782 2384 828 2440 F
834 2381 1139 2440 ebruarias
1167 2378 1472 2436 consilium
1500 2378 1694 2434 caedis
1723 2376 1946 2434 “trans

72 2471 330 2533 tulerant.
413 2473 545 2530 Jam
572 2479 696 2528 turn
743 2490 858 2527 non
887 2468 1223 2524 consulibus
1254 2466 1444 2530 mod0‚
1490 2466 1594 2522 sed
1641 2467 1942 2549 plerisque

70 2567 425 2625 senatoribus
469 2560 799 2638 perniciem
840 2556 1334 2619 machinabantur.
1419 2557 1586 2628 Quod
1615 2560 1671 2618 ni
1701 2558 1951 2622 Catilina

70 2662 405 2716 maturasset
443 2656 597 2728 ”pro
637 2650 799 2709 curia
841 2649 1064 2727 signum
1104 2650 1277 2708 sociis
1315 2649 1482 2721 dare,
1528 2670 1601 2711 eo
1651 2654 1768 2725 die,
1818 2665 1951 2732 post

70 2747 348 2807 conditam
376 2736 585 2804 urbem
628 2742 966 2809 Romanam
1020 2761 1359 2820 pessumum
1397 2742 1616 2806 facinus
1658 2754 1948 2824 patratum

70 2838 227 2900 soret.
314 2837 465 2909 Quia
504 2838 761 2896 nondum
787 2836 1134 2916 frequentes
1178 2837 1380 2898 armati
1409 2847 1832 2909 convenerant,
1877 2858 1946 2898 ea

70 2949 153 2990 res
181 2932 493 2993 consilium
521 2931 772 2990 diremit

130 3006 296 3084 XIX.
327 3026 578 3088 ,Pos'rm
608 3027 794 3087 Piso
779 3047 840 3086 m
892 2996 1229 3087 citeriorem
1270 3025 1604 3105 Hispaniam
1628 3027 1944 3107 ⁷⁰quaestor

72 3136 167 3193 pro
193 3128 471 3197 praetore
500 3122 704 3181 missus
726 3128 835 3192 est,
865 3121 1157 3180 adnitente
1196 3119 1430 3196 Crasso,
1464 3119 1616 3195 quod
1646 3138 1781 3182 eum
1816 3126 1941 3181 uin,

72 3212 265 3277 [baum
318 3215 614 3291 inimicum
640 3215 751 3274 Cn.
806 3215 1085 3291 Pompeio
1139 3221 1516 3290 cognoverat.
1596 3202 1810 3291 Neque
1858 3221 1940 3272 ta-

70 3324 193 3373 men
224 3315 455 3381 senatus
482 3307 845 3385 provinciam
870 3308 1083 3367 invitus
1112 3308 1355 3367 dederat
1380 3331 1394 3365 :
1443 3308 1662 3386 quippe
1709 3304 1939 3371 foedum

72 3398 353 3461 hominem
379 3419 414 3461 a
439 3399 752 3477 republica·
796 3401 1003 3476 procul
1029 3401 1225 3457 ”esse
1250 3401 1518 3459 volebat:
1564 3394 1754 3461 simul,
1805 3398 1940 3470 quia

2215 3194 2222 3245 .4„
