2259 3875
615 342 936 400 Samus-ru
970 339 1316 400 jucun-rm.
1749 367 1774 386 ⁴·-
1871 348 1949 404 55

149 497 320 557 x111.
366 495 664 557 Caranum
680 496 833 557 fama
860 497 1000 557 tanti
1022 497 1296 558 facinoris
1317 514 1428 573 per
1446 513 1673 555 omnem
1700 498 1948 561 Asi-iem

85 593 240 654 brevi
260 592 596 668 divulgatur
624 613 638 649 ε
678 591 1069 650 Adherbalem
1091 591 1419 667 omnisque,
1445 590 1545 666 qui
1574 592 1682 648 sub
1703 590 1949 666 imperio

89 682 362 762 Micipsae
403 683 657 754 tinemut,
685 692 873 744 metus
920 685 1139 745 invadit
1171 707 1184 741 ε
1231 686 1291 742 in
1336 685 1480 742 duas
1506 684 1731 760 ²²⁸¹partis
1770 683 1953 742 ‹lisce-

88 775 253 836 eunte
300 776 501 853 plures
529 776 925 836 Adherbalem
953 785 1306 853 sequuntur,
1337 775 1440 833 sed
1477 774 1683 833 ”illum
1711 775 1960 832 alterum

86 871 238 928 bello
286 872 586 930 meliores.
674 873 856 946 Igitur
900 871 1192 947 Jugurtha
1221 890 1395 947 quam
1439 889 1738 930 maxumas
1768 875 1964 958 potest
2053 859 2060 866 ⁴

88 966 285 1042 copias
322 973 541 1039 armat3
579 968 741 1026 urbis
768 969 1023 1045 partim
1051 969 1132 1036 vi,
1176 969 1316 1026 alias
1365 969 1662 1028 voluntate
1712 965 1962 1042 imperio

87 1069 194 1113 suo
226 1055 522 1133 adjungit3
562 1059 716 1118 omni
765 1057 1079 1117 Numidiae
1123 1058 1421 1135 imperare
1463 1065 1650 1134 parat.
1736 1056 1962 1115 Adher-

91 1148 203 1220 bal,
233 1157 425 1210 tamen
454 1152 560 1211 etsi
590 1152 856 1213 Romam
876 1153 1098 1229 legatos
1143 1152 1410 1222 miserat,
1444 1153 1543 1228 qui
1569 1156 1835 1210 senatum
1859 1149 1962 1207 do-

92 1251 296 1301 cerent
334 1245 410 1302 de
455 1246 636 1305 caede
679 1246 878 1305 fratris
919 1255 981 1305 et
1028 1245 1276 1305 fortunis
1303 1246 1468 1315 suis;
1525 1253 1737 1314 tamen,
1779 1242 1966 1301 fretus

94 1335 451 1397 multitudine
474 1339 742 1410 militum,
775 1342 1011 1416 parabat
1039 1339 1213 1398 armis
1236 1338 1621 1397 contendere.
1708 1337 1845 1407 Sed,
1867 1333 1967 1393 ubi
2001 1347 2036 1432 ί

95 1443 185 1486 res
205 1430 275 1485 ad
291 1438 590 1490 certamen
610 1433 793 1502 venit,
808 1424 993 1491 victus
1013 1452 1084 1492 ex
1100 1432 1326 1509 praelio
1343 1431 1598 1507 profugit
1615 1430 1672 1487 in
1687 1429 1966 1505 ”provin-

98 1520 254 1593 ciam,
273 1535 343 1582 a‘c
371 1525 584 1588 deinde
607 1526 849 1585 Romam
869 1526 1189 1585 contendit.
1236 1524 1393 1582 Tum
1408 1523 1487 1578 Ἢ
1493 1523 1761 1600 ugurtha,
1784 1527 1969 1597 patra-

99 1615 160 1674 tis
179 1618 455 1689 consiliis,
476 1619 532 1678 in
551 1620 670 1677 otio
711 1618 931 1678 facinus
979 1637 1146 1676 suum
1170 1636 1305 1675 cum
1341 1618 1528 1674 animo
1574 1622 1875 1692 reputans,
1903 1611 1972 1670 ti·

101 1725 251 1767 mere
280 1712 562 1787 populum
610 1710 956 1774 Romanum,
982 1728 1183 1784 ¹neque
1223 1711 1501 1766 advorsus
1549 1708 1693 1767 iram
1722 1706 1851 1783 ejus
1880 1722 1973 1764 us·

100 1817 281 1878 quam,
295 1803 408 1861 nisi
418 1804 476 1860 in
493 1800 733 1881 avaritia
749 1802 1061 1860 nobilitatis
1076 1809 1134 1859 et
1151 1802 1400 1879 pecunia
1412 1821 1536 1871 sua,
1555 1820 1716 1877 spem
1729 1801 1970 1858 habere.

103 1890 292 1974 ltaque
305 1896 511 1976 paucis
522 1896 727 1956 diebus
740 1913 870 1956 cum
884 1915 1027 1956 auro
1038 1904 1099 1955 et
1100 1903 1349 1985 argento
1364 1896 1544 1956 multo
1561 1895 1803 1956 Romam
1813 1893 1975 1954 ²⁵mit-

98 1989 179 2062 tit,
193 1996 321 2070 qu‘ls
341 1994 664 2073 praecepit,
682 1995 759 2054 uti
776 1996 1026 2073 primum
1044 2002 1279 2054 veteres
1294 1996 1504 2055 amicos
1522 1997 1858 2055 muneribus
1873 2012 1973 2053 ex-

103 2084 293 2160 pleaet
314 2109 330 2160 ;
353 2088 566 2149 deinde
584 2109 769 2150 novos
791 2089 1097 2166 adquirant
1125 2110 1139 2161 ;
1160 2088 1479 2164 postremo,
1527 2091 1976 2165 3¹3quaecumque

100 2180 315 2252 possint
356 2183 656 2260 largiundo
698 2200 933 2258 parare,
978 2200 1050 2239 ne
1098 2189 1467 2241 cunctentur.
1554 2181 1688 2249 Sed,
1732 2180 1830 2236 ubi
1861 2180 1978 2247 ,Ro-

99 2287 239 2332 mam
268 2272 442 2350 legati
464 2294 710 2346 venere,
741 2287 820 2345 et,
849 2293 926 2333 ex
952 2282 1277 2351 praecepto
1305 2274 1479 2351 regis,
1511 2272 1856 2348 hospitibus,
1878 2270 1978 2329 ali·

102 2356 287 2441 isque,
312 2382 561 2439 quorum
600 2385 672 2424 ea
696 2374 1042 2442 tempestate
1085 2365 1395 2423 auctoritas
1437 2365 1715 2441 pollebat,
1738 2363 1981 2437 ”magna

101 2460 313 2518 misere
342 2480 358 2530 ;
388 2463 543 2517 tanta
564 2460 934 2516 commutatio
951 2459 1210 2525 incessit,
1228 2457 1312 2514 uti
1338 2476 1410 2515 ex
1434 2476 1699 2517 maxuma
1723 2457 1823 2515 ²¹¹³iu
1833 2457 1980 2517 vidia

103 2551 154 2610 in
192 2552 438 2628 gratiam
465 2558 526 2610 et
550 2551 811 2609 favorem
830 2549 1139 2610 nobilitatis
1166 2550 1201 2605 J
1208 2550 1453 2627 ugurtha
1484 2551 1748 2626 veniret3
1791 2552 1976 2631 atquo,

102 2664 227 2706 rum
256 2663 392 2721 pars
415 2662 546 2721 spe,
570 2643 668 2702 alii
698 2643 961 2721 praemio
981 2644 1220 2715 inducti,
1244 2644 1499 2722 singulos
1530 2664 1605 2704 ex
1632 2652 1838 2706 senatu
1862 2666 1976 2707 am·

100 2738 336 2813 biundo,
386 2739 737 2808 nitebantur,
779 2738 896 2796 ³⁰ne
953 2742 1188 2815 gravius
1252 2740 1308 2798 in
1358 2759 1490 2799 eum
1547 2743 1977 2800 consuleretur.

105 2830 302 2909 Igitur,
332 2832 506 2910 legati
536 2833 638 2891 ubi
683 2832 820 2891 satis
864 2833 1181 2903 confidunt,
1232 2833 1325 2893 die
1368 2835 1702 2905 constituto,
1747 2837 1978 2889 senatus

107 2925 575 3000 utrisq-udatur
667 2925 825 2986 Tum
854 2928 1248 2988 Adherbalem
1270 2928 1384 2986 hoc
1412 2928 1581 2987 modo
1605 2927 1862 3037 locutum
1886 2940 1977 2982 ac·

111 3019 384 3092 cepimus.

184 3106 343 3167 XIV.
373 3116 415 3145 ‘⁶
448 3109 684 3170 Panas
711 3112 1049 3186 conscripti
1077 3111 1348 3187 Micipsa,
1373 3115 1545 3184 pater
1572 3124 1755 3181 meus,
1802 3111 1974 3170 mori·

114 3217 230 3271 ens,
251 3202 579 3282 praecepit,
609 3206 692 3262 uti
714 3220 956 3276 regnum
979 3202 1291 3261 Numidiae
1309 3201 1760 3260 tantummodo
1767 3206 1972 3303 procti-

88 3294 329 3358 ratione
373 3295 787 3356 existumarem
831 3311 1065 3365 meum;
1108 3302 1376 3352 ceterum
1398 3288 1529 3369 {rjus
1566 3302 1627 3354 et
1667 3292 1978 3368 imperium

29 3398 34 3403 ·
112 3403 293 3464 penes
314 3409 422 3453 vos
470 3404 645 3450 esse·
691 3385 861 3446 simul
906 3387 1169 3448 eniterer
1215 3387 1367 3449 domi
1407 3388 1765 3462 militiaeque
1807 3401 1977 3493 quam
