2259 3875
664 270 981 333 Sumam
1018 267 1378 331 Juuu'n'rna:
1546 256 1553 263 ’
1878 279 1986 334 115

126 429 255 491 dere
275 445 393 489 non
419 412 650 514 poterat
675 449 690 499 ;
730 426 957 503 quippe
986 427 1178 485 etiam*
1202 425 1478 485 frumenti
1514 424 1708 500 inopia
1727 429 1983 486 tentaba.

124 527 227 591 tur,
271 520 433 597 quod
469 517 752 578 Numidae
792 519 1009 594 pabulo
1059 519 1313 594 pecoris,
1357 518 1557 591 magis,
1610 534 1776 591 quam
1801 517 1987 576 ⁹9arvo

120 620 367 688 student,
397 625 463 677 et
476 618 878 695 quodcumque
905 624 1105 675 natum
1148 618 1375 694 tuerat,
1393 616 1563 691 jussu
1593 614 1746 689 regis
1773 615 1832 672 in
1861 617 1988 676 loca

118 715 335 773 munita
362 714 746 783 contulerant,
774 730 914 786 ager
949 721 1142 770 autem
1190 713 1382 770 aridus
1410 719 1470 769 et
1508 709 1742 785 frugum
1769 718 1992 791 vacuus
2078 710 2081 712 ’

10 840 13 863 ι
118 822 184 864 ea
212 810 578 878 tempestate,
605 823 736 861 nam
763 805 994 862 aestatis
1023 815 1347 860 extremum
1382 809 1510 860 erat
1542 823 1558 872 ς
1600 809 1792 859 tamen
1816 802 1987 876 ¹⁰⁰pro

10 910 13 949 ὲ
119 898 397 973 reicopia
423 899 563 955 satis
607 899 1015 973 providenter
1038 905 1284 955 exornat
1318 918 1332 953 ε
1379 914 1561 972 pecus
1608 914 1801 964 omne,
1834 901 1985 973 quod

121 992 511 1068 superioribus
534 991 738 1048 diebus
783 992 1036 1066 praedae
1083 992 1298 1062 fuerat,
1328 990 1622 1067 equitibus
1665 992 1986 1051 auxiliariis

121 1087 391 1162 agendum
411 1086 689 1145 adtribuit
718 1109 735 1142 ε
782 1089 848 1143 A.
885 1085 1163 1145 Manlium
1206 1089 1453 1161 legatum
1481 1105 1614 1145 cum
1652 1086 1988 1146 cohortibus

122 1176 397 1253 expeditis
425 1177 496 1234 ad
519 1177 805 1253 oppidum
824 1176 1033 1245 maris,
1088 1179 1187 1237 ubi
1225 1179 1584 1254 stipendium
1616 1185 1675 1235 et
1702 1196 1988 1237 commea-

122 1272 579 1340 tumlocaverat,
609 1272 698 1329 ire
706 1272 919 1348 jubet3
962 1272 1050 1329 ’se
1095 1273 1570 1348 praedabundum
1599 1281 1733 1349 post
1772 1292 1990 1350 paucos

121 1367 237 1427 dies
264 1367 474 1425 eodem
495 1368 828 1445 venturum.
916 1367 1011 1424 Sic
1037 1369 1273 1443 incepto
1301 1388 1407 1426 suo
1426 1369 1677 1439 occulto,
1707 1371 1896 1445 pergit
1923 1370 1992 1428 ad

123 1460 330 1520 flumen
359 1461 607 1519 Tanam.

138 1562 145 1569 '
193 1552 352 1627 XCI.
386 1551 680 1610 Caranum
707 1551 765 1609 in
798 1550 1014 1609 itinere
1059 1550 1318 1626 quotidie
1365 1569 1546 1625 pecus
1576 1552 1861 1610 exercitui
1883 1570 1994 1626 per

123 1648 426 1717 centurias,
444 1648 840 1715 itemturmas,
871 1646 1196 1721 aequaliter
1224 1643 1616 1711 distribuerat,
1646 1652 1706 1701 et
1727 1662 1801 1702 ex
1819 1644 2004 1702 coriis-

123 1748 275 1799 utres
292 1741 378 1798 uti
398 1739 628 1799 fierent.
647 1741 888 1796 curabat
913 1760 925 1793 :
957 1737 1123 1793 simul
1151 1744 1208 1794 et
1226 1738 1478 1810 mopiam
1492 1734 1764 1794 frumenti
1785 1736 1992 1806 lenire,

124 1833 392 1908 enigrimi
415 1830 982 1905 comnibusfflarare,
1003 1847 1152 1904 quae
1170 1828 1433 1885 moxusui
1462 1827 1674 1886 forent.
1723 1826 1994 1905 Denique

122 1925 281 1987 sexto
323 1929 442 1999 dei,
469 1918 602 1989 cum
644 1914 970 1986 ad'flumen
1019 1935 1258 1986 ventum
1298 1932 1408 1989 est,
1447 1944 1712 1985 maxuma
1733 1927 1818 1985 vis
1848 1926 1993 1985 utri·

126 2043 221 2082 um
239 2025 471 2084 effecta,
559 2026 643 2083 lbi
672 2024 873 2084 castris
902 2024 1024 2083 levi
1052 2025 1408 2082 munimento
1433 2024 1655 2099 positis,
1676 2025 1887 2083 milites
1912 2025 1991 2082 ci-

122 2119 253 2180 bum
282 2121 1021 2199 capere‚atque,utisimul
1058 2140 1190 2178 cum
1214 2138 1422 2181 occasu
1461 2121 1598 2177 solis
1618 2121 1993 2194 ‘’egrederen-

116 2199 234 2283 tur,
255 2222 482 2291 paratos
504 2233 634 2272 esse
638 2214 810 2291 jubet
828 2236 842 2286 ;
865 2214 1126 2272 omnibus
1141 2212 1381 2270 sare-inis
1395 2212 1815 2285 abjectis,.aqua
1831 2212 1998 2267 modo

121 2322 303 2382 seque
348 2315 408 2363 et
422 2306 694 2379 jumenta
734 2323 1009 2361 onerare.
1099 2304 1274 2370 Dein,
1320 2308 1622 2375 postquam
1651 2307 1877 2373 tempus
1913 2299 1996 2357 vi·
2075 2325 2080 2330 ·

121 2413 270 2464 sum,
295 2395 500 2453 castris
518 2394 841 2467 egreditur,
864 2403 1210 2467 noctemque
1234 2401 1409 2449 totam
1432 2391 1644 2449 itinere
1669 2390 1839 2458 facto,
1859 2409 1994 2449 eon·

121 2488 313 2547 sedit:
360 2486 515 2542 idem
537 2501 821 2559 proxuma
849 2484 1018 2541 facit:
1064 2484 1199 2540 dein
1244 2481 1436 2548 tertia,
1480 2482 1660 2540 multo
1690 2488 1822 2540 ante
1851 2484 1998 2543 lucis

102 2581 465 2646 'adventum,
505 2571 792 2652 ‘pervenit
834 2575 891 2632 in
934 2576 1126 2633 locum
1151 2574 1523 2644 tumulosum,
1552 2574 1624 2632 ab
1667 2572 1855 2652 Capsa
1883 2597 1997 2636 non

114 2671 364 2744 amplius
394 2670 563 2725 duum
594 2667 835 2725 millium
858 2667 1206 2739 intervallo;
1250 2660 1471 2743 ibique,
1514 2687 1685 2745 quam
1725 2670 1990 2729 occultis·
2095 2715 2099 2720 .

104 2758 289 2822 'sume
320 2767 535 2836 potest,
582 2780 715 2821 cum
746 2761 1007 2819 omnibus
1057 2761 1242 2837 copiis
1296 2761 1622 2837 opperitur.
1710 2764 1847 2832 Sed,
1897 2761 1993 2821 ubl

114 2845 242 2915 dies
263 2856 483 2932 coepit,
507 2863 568 2914 et
593 2854 911 2925 Numidae,
934 2855 1076 2913 nihil
1105 2851 1313 2934 hostile
1332 2863 1683 2926 metuentes,
1705 2858 1868 2916 multi
1892 2877 1995 2935 op·

120 2948 259 3022 pido
288 2949 508 3025 egressi
534 2971 551 3019 ;
597 2956 844 3025 repente
875 2966 1100 3006 omnem
1132 2949 1473 3025 equitatum,
1505 2957 1565 3007 et
1608 2966 1741 3007 cum
1771 2951 1860 3007 his
1892 2970 1990 3009 ve—

104 3037 470 3100 ..locissumos-
509 3042 739 3117 pedites
785 3059 960 3100 cursu
992 3042 1237 3099 tendere
1280 3041 1349 3098 ad
1400 3040 1669 3115 Capsam,
1713 3045 1774 3097 et
1797 3050 1991 3117 portas

123 3130 388 3194 obsidere
405 3133 620 3209 jubet:
665 3132 874 3192 deinde
913 3134 1042 3208 ipse
1090 3133 1343 3207 intentus
1375 3148 1632 3206 propere
1662 3135 1856 3209 sequi,
1886 3125 1996 3190 ne‘«

90 3289 107 3312 ι
132 3243 242 3301 que
267 3228 479 3287 milites
529 3229 799 3303 praedari
844 3230 1061 3287 sinere.
1148 3231 1315 3299 Quae
1368 3234 1671 3303 postquam
1720 3230 2013 3304 oppidani⁴

127 3334 498 3395 cognovere3
539 3319 660 3377 “res
693 3320 982 3395 trepidae,
1024 3328 1211 3379 metus
1261 3320 1485 3394 ingens,
1529 3324 1743 3379 malum
1772 3319 1990 3394 impro-

127 3409 336 3484 uisum,
359 3413 426 3473 ad
454 3412 567 3474 hoc
594 3428 728 3488 paru
756 3409 975 3471 civium
999 3419 1173 3470 extra
1194 3410 1421 3494 moenia
1441 3411 1499 3470 in
1524 3410 1773 3469 hostium
1789 3416 1983 3485 potes-
