2259 3875
296 248 365 301 12
438 283 450 297 .
902 241 1219 303 Sannusrn
1248 241 1574 304 Cunna.

154 447 225 461 „a
290 398 426 459 boni
449 420 619 480 quam
646 400 846 477 plures
869 402 1223 477 praesidium
1248 401 1307 459 in
1356 419 1429 459 eo
1458 401 1778 484 putabant:
1824 407 1885 461 et
1899 402 2023 480 jam
2045 407 2168 461 tum

287 494 547 570 potentia
573 494 684 553 Cn.
731 492 991 570 Pompeii
1022 492 1399 552 formidolosa
1438 493 1584 554 erat.
1669 494 1784 553 Sed
1822 494 1871 554 is
1898 493 2056 566 Piso,
2071 494 2170 552 ”in

284 588 665 663 provinciam,
693 588 765 644 ab
815 586 1109 663 equitibus
1138 585 1434 662 Hispanis,
1463 606 1609 666 quos
1636 586 1695 645 iu
1724 584 1990 648 exercitu
2030 586 2167 645 duc·

286 679 462 749 tabat,
483 680 599 739 iter
656 677 897 748 faciens,
949 678 1178 737 occisus
1226 685 1335 736 est.
1391 679 1579 738 '¹⁴Sunt
1596 680 1697 756 qui
1723 677 1802 738 ita
1826 680 2049 750 dicunt,
2068 679 2167 738 im·

282 771 448 847 peria
474 774 602 849 ejus
629 771 865 847 injusta,
896 773 1173 848 superba,
1221 771 1507 841 crudelia,
1527 773 1803 831 barbaros
1832 772 2168 850 nequivisse

280 864 436 938 pati:
484 865 580 922 alii
609 870 826 933 autem,
854 864 1082 939 equites
1114 863 1266 932 illos,
1294 862 1408 948 Cn.
1442 862 1706 941 Pompeii
1732 870 1972 923 veteres
1999 864 2167 922 fidos·

282 973 400 1033 que
429 955 737 1025 '¹⁵clieutes,
784 956 1085 1014 voluntate
1115 956 1245 1032 ejus
1276 955 1554 1015 Pisonem
1597 956 1943 1033 wadgressos
1968 977 1987 1029 ς
2008 973 2170 1015 num·

284 1067 454 1123 quam
504 1048 796 1124 Hispanos
823 1048 1180 1124 ”praeterea
1206 1048 1321 1110 tale
1342 1047 1563 1108 facinus
1599 1048 1833 1120 fecisse,
1860 1048 1964 1108 sed
1983 1048 2171 1125 „impe-

280 1139 367 1197 ria
391 1157 568 1197 saeva
590 1142 768 1198 multa
794 1147 962 1198 antea
991 1158 1323 1216 perpessos.
1412 1139 1537 1197 Nos
1566 1159 1693 1197 eam
1728 1158 1858 1197 rem
1889 1142 1948 1198 in
1979 1139 2173 1199 medio

300 1231 765 1308 ⁷⁸relinquemus.
848 1231 938 1290 De
986 1232 1296 1308 superiore
1311 1230 1717 1305 'conjuratione
1746 1229 1882 1288 satis
1926 1229 2168 1289 dictum.

353 1320 488 1382 XX.
529 1323 831 1383 Cs‘rrmm
851 1324 952 1382 ubi
975 1341 1098 1384 eos.
1122 1340 1266 1400 quos
1289 1322 1484 1398 paullo
1507 1330 1641 1380 ante
1662 1320 2007 1391 memoravi,
2028 1341 2168 1382 con-

276 1416 506 1475 venisse
534 1416 696 1492 videt
723 1437 736 1489 ;
781 1415 1009 1475 tametsi
1055 1434 1192 1474 cum
1218 1409 1455 1487 singulis
1512 1415 1693 1474 multa
1715 1433 1895 1491 saepe
1942 1423 2170 1491 egerat,

277 1513 470 1568 tamen
494 1508 594 1567 '⁷⁰in
653 1529 781 1568 rem
807 1507 936 1566 fore
963 1508 1214 1566 credens
1236 1507 1543 1566 universos
1565 1508 1865 1585 adpellare
1882 1514 1943 1566 et
1961 1508 2171 1568 cohor-

275 1601 408 1674 tari,
439 1602 497 1662 in
528 1603 772 1662 abditam
794 1608 1020 1679 partem
1069 1600 1301 1658 aedium
1326 1600 1593 1660 “secedit
1614 1624 1631 1671 ;
1656 1609 1836 1677 atque
1858 1600 1961 1669 ibi,
1991 1601 2173 1660 omni·

275 1694 386 1753 bus
439 1697 714 1755 ⁸¹arbitris
743 1694 952 1772 procul
981 1695 1208 1764 amotis,
1255 1694 1579 1778 orationem
1622 1693 2030 1771 hujuscemodi
2078 1696 2174 1753 ha·

274 1785 424 1843 buit.
508 1795 548 1821 ‘⁸
581 1786 659 1842 Ni
689 1788 873 1843 virtus
901 1787 1168 1861 fidesque
1192 1794 1390 1847 vestra
1427 1789 1732 1865 ”spectata
1778 1785 1922 1847 mihi
1958 1785 2176 1857 forent,

172 1925 177 1930 .
277 1874 669 1952 nequidquam
690 1883 1016 1950 opportuna
1039 1895 1136 1932 res
1152 1879 1501 1950 cecidisset3
1544 1897 1680 1955 spes
1703 1900 1905 1958 magna
1950 1879 2175 1941 83σῑὶοιῐιί·
2237 1909 2238 1912 “

277 1967 456 2036 natio,
488 1969 544 2025 in
577 1967 837 2024 manibus
868 1965 1082 2025 frustra
1109 1965 1357 2025 fuissent
1382 1989 1397 2024 ε
1442 1986 1639 2044 neque
1665 1971 1860 2043 Μεςο85
1881 1990 1992 2046 per
2018 1966 2175 2048 igna-

276 2059 450 2129 viam,
472 2065 572 2118 aut
603 2077 751 2118 vana
770 2058 1022 2133 ingenia,
1045 2057 1269 2120 incerta
1298 2077 1409 2134 pro
1426 2060 1605 2118 certis
1645 2067 1962 2137 captarem.
2038 2063 2177 2135 Sed,

276 2151 409 2229 quia
434 2153 628 2211 multis
659 2159 719 2210 et
748 2150 965 2227 magnis
994 2150 1442 2226 tempestatibus
1472 2170 1578 2210 vos
1622 2152 1868 2227 cognovi
1895 2152 2081 2216 fortes
2110 2157 2174 2217 fi-

275 2244 497 2322 dosque
525 2244 686 2313 mihi,
711 2263 783 2301 eo
811 2243 1031 2301 animus
1058 2244 1276 2301 86ausus
1328 2262 1658 2303 maxumum
1689 2244 1866 2321 atqu'e
1895 2248 2176 2325 pulcher·

273 2352 509 2396 rumum
537 2336 759 2396 facinus
811 2336 1116 2414 ⁸⁷incipere
1148 2359 1164 2394 ε
1208 2336 1402 2407 simul,
1431 2337 1568 2414 quia
1590 2338 2048 2409 vobiS,⁸⁸eadem
2069 2342 2178 2401 mi-
2239 2368 2240 2409 ς

275 2428 358 2503 h'i,
385 2431 534 2489 bona
565 2431 828 2507 malaque
854 2429 1118 2488 intellexi
1142 2452 1157 2502 ;
1202 2431 1375 2488 mnam
1404 2430 1558 2489 idem
1588 2432 1745 2491 velle
1787 2439 1962 2509 atque
1989 2433 2172 2504 nolle,

273 2538 343 2579 ea
370 2521 603 2581 demum
623 2522 790 2580 firma
811 2523 1061 2582 amicitia
1085 2529 1196 2581 est.
1285 2524 1399 2582 Sed
1421 2541 1529 2600 ego
1548 2544 1701 2601 quae
1721 2530 1915 2582 mente
1936 2512 2173 2598 agitari,
2237 2518 2238 2521 ¹

272 2628 472 2672 omnes
491 2613 615 2689 jam
660 2622 829 2673 antea
856 2615 1075 2674 diversi
1124 2615 1385 2673 audistis.
1456 2616 1743 2676 Ceterum
1768 2615 1907 2676 mibi
1934 2615 1994 2674 iu
2042 2617 2172 2679 dies
2239 2672 2240 2675 ,

272 2707 449 2785 magis
479 2707 699 2766 animus
751 2707 1115 2777 accenditur,
1160 2725 1293 2764 cum
1342 2707 1675 2779 considero,
1715 2729 1866 2785 quae
1915 2711 2172 2770 conditio
2237 2700 2240 2789 ff

272 2802 426 2862 vitae
452 2800 649 2860 futura
669 2801 766 2870 sit,
797 2799 906 2858 nisi
929 2806 1161 2858 nosmet
1187 2799 1297 2874 ipsi
1328 2798 1684 2856 vindicamus
1707 2799 1765 2855 in
1812 2801 2171 2866 libertatem.
2239 2810 2240 2831 ³

271 2893 445 2966 Nam,
475 2902 776 2972 postquam
799 2893 1135 2969 respublica
1150 2892 1208 2949 in
1230 2908 1551 2967 paucorum
1568 2890 1669 2966 jus
1689 2897 1861 2968 atque
1894 2892 2172 2956 ditionem

272 2986 579 3059 coacessit,
600 3004 839 3064 semper
864 2984 977 3042 illis
1027 2983 1615 3059 reges‚⁹⁰tetrarchae
1641 2983 1957 3058 vectigales
1984 3005 2119 3048 esse
2153 3013 2168 3062 ;

266 3076 536 3157 9¹populi,²
576 3082 839 3140 nationes
868 3075 1156 3153 stipendia
1183 3076 1448 3152 pendere
1480 3097 1514 3147 3·
1541 3076 1734 3136 ceteri
1764 3096 1988 3151 omnes,
2016 3088 2168 3141 stre·

272 3169 397 3241 nui,
419 3168 574 3237 boni,
603 3174 827 3231 nobiles
857 3177 1030 3248 atque
1059 3168 1365 3246 ignobiles,
1395 3168 1603 3244 vulgus
1625 3168 1860 3241 suimus,
1889 3172 2015 3232 sine
2036 3193 2163 3250 gra·

212 3252 217 3259 ’
276 3263 375 3329 tia,
419 3261 546 3321 sine
592 3252 965 3332 auctlhitate,
1015 3263 1105 3322 his
1152 3262 1406 3333 obnoxii,
1458 3262 1687 3341 quibus,
1732 3264 1781 3323 si
1833 3263 2169 3337 respublica

274 3352 565 3428 “valen-et,
605 3350 895 3411 formidini
916 3374 1196 3418 essemus.
1281 3356 1489 3435 Itaque
1517 3359 1701 3419 omnis
1725 3353 1929 3433 gratia,
1955 3362 2162 3434 poten-
