2259 3875
669 203 986 277 samm
1012 204 1357 267 Jocua'rm.
1863 213 1972 272 103

8 368 9 371 ’
112 370 267 425 noc-te
307 370 585 434 moratus,
608 359 913 425 simuiabat
955 380 1089 423 sese
1116 364 1332 441 negotii
1373 360 1553 441 gratia
1600 349 1966 441 properat-‘eg

112 469 364 521 ceterum
412 459 795 537 proditionem
821 459 1080 530 timebat,
1109 479 1282 537 quam
1323 460 1509 518 vitare
1542 477 1715 534 posse
1757 461 1968 521 ceieri·

112 558 215 613 tate
242 554 521 630 putabat:
567 568 696 612 nam
717 553 853 611 talia
876 553 1119 612 consilia
1141 555 1298 630 ”per
1322 553 1520 622 otium,
1551 559 1612 610 et
1653 570 1728 611 ex
1756 564 1969 629 oppor-

14 672 21 685 ·
110 648 345 706 tunitate
384 645 530 723 oapi.
613 649 687 704 At
724 645 1021 717 Metellae,
1051 647 1151 704 ubi
1176 647 1492 731 oppidanos
1534 645 1758 722 praelio
1786 646 1968 730 inten-

8 760 11 767 ’
98 747 212 823 tos,
254 739 429 799 'simul
469 738 743 815 oppidum
767 746 828 798 et
865 739 1167 817 ope-ripas,
1196 747 1256 797 et
1293 736 1434 817 lopo*
1469 742 1748 798 munitum
1791 739 1972 813 videt,

109 832 252 901 vallo
293 826 559 908 fossaque
612 833 840 891 moenia
885 826 1293 892 circumveni&
1381 833 1610 891 Deinde
1665 832 1811 891 locis
1855 833 1975 891 ⁷⁹ex

106 926 264 1001 copia
289 925 806 984 maxume-idoneis
845 927 1046 985 vineas
1074 945 1273 1004 agere,
1309 944 1579 1002 aggerem
1618 925 1846 1001 jacere,
1874 927 1979 987 ”et

110 1036 284 1094 super
307 1034 575 1094 aggerem
602 1018 883 1094 impositis
899 1020 1159 1078 turribus
1183 1038 1328 1096 opus
1359 1027 1420 1077 et
1439 1018 1802 1077 administros
1830 1026 1975 1077 tuta-

109 1111 178 1168 ri.
258 1109 477 1170 Contra
503 1112 652 1175 haec
701 1111 970 1187 oppidani
998 1110 1297 1181 festinare,
1339 1130 1593 1188 parare:
1642 1129 1879 1187 prorsus
1907 1111 1978 1171 ab

112 1204 361 1280 utrisque
406 1204 550 1261 nihil
604 1205 896 1281 reliquum
936 1202 1095 1262 fieri.-
1174 1204 1444 1282 Denique
1493 1204 1757 1275 Romani,
1799 1205 1978 1263 multo

111 1304 235 1354 ante
280 1296 481 1355 labore
538 1297 890 1374 praeliisque
936 1295 1177 1374 fatigati,
1232 1305 1368 1376 post
1415 1290 1540 1355 dies
1589 1298 1981 1374 quadraginta,

114 1394 272 1467 quam
293 1408 365 1449 eo
391 1399 629 1449 ventum
657 1398 785 1449 erat
806 1391 1064 1468 “oppido
1096 1392 1266 1448 modo
1295 1392 1467 1466 potiti
1491 1412 1504 1447 t
1554 1393 1770 1468 praeda
1798 1391 1981 1449 omnis

113 1485 177 1542 ab
218 1481 479 1560 perfugis
509 1485 843 1559 ”corrupta
929 1483 977 1539 Ii
1024 1489 1328 1558 postquam
1377 1501 1605 1540 murum
1657 1483 1980 1541 ⁸³arietibus

112 1576 286 1648 feriri,
332 1595 553 1654 resque
598 1574 1032 1639 suasadflictas
1082 1575 1303 1653 vident,
1336 1592 1539 1631 aurum
1582 1578 1754 1648 atque
1780 1592 1983 1648 argen-

114 1679 243 1741 tum,
268 1677 335 1729 et
374 1671 505 1740 alia,
535 1690 684 1746 quae
733 1671 917 1744 prima
957 1670 1269 1734 ducuntur,
1299 1666 1529 1722 domum
1577 1664 1792 1739 regiam
1831 1682 1982 1722 com-

113 1773 335 1841 portant
361 1785 374 1821 z
419 1764 501 1820 ibi
530 1763 663 1819 rino
693 1770 753 1819 et
795 1760 985 1836 epuli‘s
1014 1760 1262 1829 onerati,
1294 1758 1528 1833 illaque,
1559 1765 1619 1815 et
1647 1757 1898 1826 domum,
1928 1766 1988 1816 et

112 1865 288 1940 semet
314 1857 430 1933 igni
455 1861 879 1930 corrumpunt3
925 1860 984 1912 et
1012 1870 1168 1937 quas
1196 1851 1333 1909 victi
1363 1852 1433 1909 ab
1463 1852 1724 1910 hostibus
1770 1867 1987 1927 poenas

112 1932 438 2011 metuerent
459 1950 636 2008 84eas
623 1949 734 2025 ipsi
755 1948 1019 2007 volentes
1048 1945 1411 2022 pependere.

183 2041 482 2102 LXXVII.
529 2043 646 2100 Seu
676 2043 896 2118 pariter
916 2058 1047 2100 cum
1066 2046 1235 2117 capta
1257 2038 1445 2110 'Phaia
1471 2039 1645 2114 legati
1667 2057 1739 2098 ex
1771 2039 1987 2115 oppido

114 2135 279 2213 Lepti
325 2135 397 2194 ad
435 2134 741 2194 Metellum
784 2141 1088 2202 venerant,
1133 2130 1387 2199 orantes,
1428 2136 1469 2165 “
1497 2132 1580 2187 uti
1633 2129 1986 2204 praesidium

112 2230 587 2307 praefectumque
616 2247 688 2288 eo
718 2230 1016 2288 mitteret:
1064 2227 1455 2286 Hamilcarem
1499 2226 1827 2303 quemdam,
1876 2225 1982 2281 ho*

111 2326 320 2384 minem
349 2313 624 2390 nobiiem‚
649 2323 971 2388 factiosum,
1015 2322 1182 2378 novis
1229 2322 1404 2377 rebus
1453 2322 1688 2377 studere
1724 2340 1738 2388 3
1785 2319 1987 2375 advor-

110 2436 230 2475 sum
254 2432 430 2491 quem
459 2430 651 2487 neque
672 2413 917 2487 imperia
936 2401 1393 2484 magistratuum.
1423 2428 1615 2484 neque
1637 2411 1797 2493 leges
1829 2410 1985 2465 vaie-

110 2516 276 2568 rent.
325 2505 384 2563 ni
412 2505 468 2562 id
496 2503 815 2571 festinaret,
842 2504 900 2561 in
929 2519 1151 2559 summo
1196 2499 1463 2576 periculo
1490 2501 1694 2558 ⁸⁵suam
1722 2500 1986 2569 salutem,

110 2601 346 2660 illorum
373 2598 564 2655 socios
582 2593 776 2653 forest
737 2595 776 2623 ”
861 2593 1007 2652 Nam
1027 2592 1360 2682 Leptitani
1333 2611 1454 2669 Jam
1478 2591 1609 2652 inde
1639 2614 1671 2652 a
1701 2595 1986 2673 principio

110 2692 254 2749 belli
279 2687 612 2764 Jugurthini
639 2687 709 2744 ad
752 2687 1006 2746 Bestiam
1047 2687 1365 2752 consulem.
1397 2694 1457 2746 et
1497 2696 1697 2765 postea
1751 2689 2022 2747 Romam⁸

109 2785 407 2853 miserant,
437 2781 737 2841 amicitiam
764 2784 1217 2859 societatemque
1245 2789 1523 2857 rogatum.
1609 2783 1858 2850 Deinde,
1889 2783 1993 2837 ubi

111 2896 182 2937 ea
212 2880 541 2955 impetrata,
568 2895 805 2954 semper
849 2877 985 2935 boni
1014 2875 1336 2955 fidelesque
1379 2897 1667 2947 mansere,
1698 2883 1758 2933 et
1786 2880 1992 2931 cuncta

116 2988 149 3027 a
199 2970 422 3042 Bestia,
471 2970 702 3039 Albino,
748 2968 1110 3047 Metelioque
1159 2971 1439 3045 imperata
1477 2968 1653 3027 “navi
1700 2965 1985 3024 fecerant.

118 3061 322 3142 ltaque
352 3066 425 3124 ab
459 3064 815 3137 imperatore
841 3063 1033 3132 facile,
1060 3081 1210 3141 quae
1240 3065 1534 3154 petebant,
1562 3057 1779 3131 adepti.
1862 3059 1991 3117 8Ἕε)

120 3158 328 3217 missae
386 3156 660 3214 cohortes
705 3155 984 3230 Ligurum
1030 3161 1296 3231 quatuor,
1344 3141 1403 3210 et
1430 3150 1501 3208 C.
1554 3148 1771 3209 Annius
1821 3167 1988 3226 piae·

129 3246 539 3401 see1332less
585 3338 653 3397 In
710 3339 985 3416 oppidum
1034 3340 1107 3399 ab
1147 3333 1437 3398 ”Sidoniis
1480 3333 1792 3400 conditum,
1839 3346 1982 3402 quos
