2259 3875
726 204 1041 262 SALLusrn
1071 201 1396 262 Cau-rum.
1513 225 1518 232 ·
1915 210 1990 264 25

206 360 361 418 ΧΠ.
407 359 526 416 San
554 325 895 449 Allobrgges
926 359 1020 416 diu
1062 357 1119 415 in
1144 357 1367 416 incerto
1413 358 1697 428 habuere,
1725 359 2022 435 quidnam‘

133 453 345 510 consilii
374 458 670 526 caperent.
756 452 819 507 ln
851 452 1032 508 altera
1082 458 1249 524 parte
1280 456 1408 507 erat
1425 468 1522 507 aes
1551 450 1825 519 alienum,
1874 461 1993 510 stu..

130 542 281 600 dium
306 539 472 608 belli,
498 560 694 617 magna
735 560 965 599 merces
1013 542 1071 599 in
1107 559 1214 616 spe
1269 541 1548 600 victoriae
1578 563 1592 599 ε
1639 551 1694 602 at
1733 544 1791 602 in
1818 547 1998 604 altera

127 634 413 711 ”majores
440 652 602 710 opem
630 640 750 692 tuta
770 634 1031 699 consilia,
1072 631 1186 707 'pro
1232 635 1459 691 incerta
1489 651 1616 710 spe.
1644 642 1806 693 certa
1826 656 1990 712 prae-

127 726 265 782 mia.
348 725 507 797 Haec
536 725 649 786 illis
669 724 1059 792 volventibu8‚
1090 725 1319 784 tandem
1341 725 1480 784 vicit
1518 726 1746 783 fortuna
1764 728 1999 803 reipub·

28 849 29 852 =
126 815 295 873 licae.
379 816 579 893 ltaque
609 818 684 887 Q.
715 815 894 873 Fabio
924 817 1162 891 Sangae,
1190 817 1355 893 cujus
1384 818 1752 893 &patrocinio
1800 820 1999 879 civitas

130 908 441 982 plurimum
465 910 759 975 utebatur,
800 926 924 965 rem
962 926 1211 974 omnem,
1265 909 1347 965 uti
1395 917 1807 984 cognoverant,
1860 931 1997 987 ape-

131 999 312 1056 riunt.
419 1000 663 1067 Cicero,
704 1018 813 1074 per
851 1002 1087 1074 Sangam
1140 1000 1438 1077 [consilio]
1491 1001 1743 1077 cognito,
1799 1003 1999 1078 legatis

129 1091 452 1166 praecepit,
478 1092 767 1149 “studium
813 1092 1223 1168 conjurationis
1278 1093 1660 1152 vehementer
1705 1094 1995 1165 simulent,

129 1191 355 1241 ceteros
381 1184 605 1256 adeant,
633 1184 824 1242 ⁵¹bene
871 1186 1293 1261 polliceantur;
1334 1184 1589 1263 dentque
1637 1204 1895 1264 operam,
1923 1178 2006 1250 uti

131 1290 227 1330 eos
257 1292 426 1349 quam
450 1293 714 1335 maxume
743 1276 1072 1335 manifestos
1101 1279 1366 1335 habeant.

199 1362 385 1423 an.
429 1367 611 1425 lsnuu
638 1365 768 1426 fere
796 1370 1155 1442 temporibus
1183 1369 1241 1424 in
1257 1368 1488 1425 oeGaffia
1516 1368 1793 1427 citeriore
1822 1376 2002 1447 atque

129 1458 429 1527 ulteriore,
468 1459 612 1517 item
656 1462 716 1517 in
758 1479 894 1535 agro
923 1458 1163 1528 Piceno,
1211 1459 1512 1527 ⁵³Bruttio,
1556 1461 1786 1535 Apulia,
1824 1470 2010 1521 motus

131 1563 269 1608 erat.
312 1595 315 1600 .
354 1551 625 1628 Namque
648 1553 756 1619 illi,
784 1570 929 1626 quos
983 1560 1151 1609 antea
1179 1550 1429 1607 Catilina
1454 1551 1769 1617 dimiserat,
1812 1552 2009 1609 incon-

127 1644 264 1702 sulte
292 1661 366 1702 ac
388 1645 573 1701 veluti
601 1662 713 1717 per
740 1643 1089 1700 dementiam
1109 1642 1346 1715 [cuncta
1370 1638 1566 1713 simul]
1585 1639 1837 1712 ⁵⁴agere:
1875 1660 2006 1698 noc·
2079 1669 2098 1692 x
2137 1649 2140 1658 ⁸

128 1738 295 1794 turnis
359 1735 638 1798 consiliiS,
686 1748 976 1788 armorum
1015 1735 1193 1804 atque
1273 1728 1524 1785 telorum
1577 1732 2013 1804 portationibuS,

128 1826 472 1895 festinando,
502 1822 762 1898 agitando
807 1821 1016 1892 omnia,
1041 1822 1173 1896 plus
1200 1822 1422 1882 timoris
1449 1839 1615 1897 quam
1639 1826 1892 1901 periculi
1923 1828 2005 1885 ef-

126 1916 400 1980 fecerant.
434 1936 446 1945 ·
487 1915 575 1974 Ex
604 1934 675 1975 eo
725 1933 967 1975 numero
1003 1916 1336 1991 complures
1391 1915 1464 1986 Q.
1529 1915 1803 1976 Metellus
1829 1919 2010 1978 Celer

126 2006 383 2087 praetor,
412 2028 487 2067 ex
514 2010 695 2067 senati
723 2010 1014 2078 consulto,
1036 2027 1241 2066 caussa
1257 2007 1504 2083 cognita,
1532 2010 1589 2067 in
1618 2008 1846 2070 vincula
1865 2031 2000 2069 con·

124 2102 390 2176 jecerat;
433 2102 570 2160 item
597 2101 655 2159 in
680 2101 1007 2158 ⁵⁵ulteriore
1028 2100 1220 2158 Gallia
1260 2099 1331 2157 G.
1364 2099 1631 2170 Murena,
1661 2103 1759 2178 qui
1786 2103 1844 2160 ei
1865 2123 1998 2179 pro

139 2196 361 2254 vinciae
383 2195 602 2269 legatus
630 2200 920 2268 praeerat.

202 2285 554 2355 XL111.A<1·
584 2285 801 2343 Romae
830 2283 1134 2350 Lentulum
1153 2302 1287 2342 cum
1314 2282 1552 2352 ceteriS,
1576 2284 1675 2358 qui
1705 2284 2000 2360 principes

127 2378 536 2455 conjurationis
552 2360 745 2444 erant,
772 2374 1010 2449 paratis,
1030 2383 1096 2430 ut
1120 2374 1527 2435 “videbantun
1555 2375 1770 2446 magnis
1799 2377 2002 2453 copiis,

121 2471 594 2532 ⁵⁷eonstituerant,
634 2465 739 2529 uti,
786 2462 1032 2519 Catilina
1081 2463 1141 2519 in
1194 2479 1394 2536 agrum
1421 2460 1826 2527 Faesulanum
1870 2489 2001 2535 cum

122 2564 399 2628 venisset,
425 2561 495 2614 1..
518 2538 719 2611 Bestia
743 2552 1007 2611 tribunus
1036 2552 1247 2629 plebis,
1276 2553 1556 2614 concione
1582 2556 1792 2629 habita,
1848 2582 2071 2656 que-w
2055 2594 2118 2619 ..⁶
2190 2586 2196 2594 ·

120 2658 359 2711 reretur
387 2652 462 2706 de
488 2644 849 2704 “actionibus
878 2642 1204 2714 Ciceronis,
1226 2645 1483 2721 bellique
1509 2651 1848 2722 gravissumi
1868 2640 1996 2713 ⁵⁰13-

118 2743 333 2802 vidiam
385 2745 620 2815 optumo
665 2737 885 2796 consuli
940 2737 1311 2812 imponeret,
1355 2759 1429 2797 eo
1482 2744 1663 2847 signo
1716 2763 1996 2820 proxuma

120 2840 289 2894 nocte
314 2841 515 2891 cetera
553 2829 856 2888 multitudo
886 2827 1309 2905 conjurationis
1350 2834 1520 2892 auum
1548 2834 1794 2913 quisque
1820 2853 1994 2913 nego-

125 2921 283 2984 unffi
294 2930 790 3001 exsequerentur.
875 2920 989 2978 Sed
1019 2940 1091 2980 ea
1119 2923 1344 2983 “divisa
1370 2926 1483 2985 hoc
1517 2927 1688 2984 modo
1722 2925 1989 2993 diceban-

124 3036 251 3089 tur:
297 3017 549 3079 Statilius
598 3021 661 3075 et
682 3014 962 3073 Gabinius
986 3012 1071 3073 uti
1114 3033 1248 3074 cum
1273 3035 1473 3103 magna
1496 3032 1666 3075 manu
1689 3010 1992 3083 duodecim

123 3109 283 3174 simul
308 3112 633 3184 opportuna
684 3109 816 3167 loca
842 3107 1000 3165 urbis
1028 3105 1430 3176 incenderent,
1459 3107 1578 3182 quo
1599 3110 1851 3170 tumultu
1903 3114 1982 3172 sa·

123 3201 284 3261 unior
309 3201 493 3261 aditus
516 3201 584 3256 ad
610 3199 930 3267 consulem,
976 3208 1346 3276 ceterosque.
1369 3195 1577 3274 quibus
1605 3199 1842 3258 insidiae
1880 3220 1978 3279 pa-

123 3294 410 3364 tabantur,
438 3291 647 3350 fieret:
691 3289 987 3383 Cethego·
1022 3289 1344 3424 giceronis
1380 3290 1618 3368 januam
1660 3287 1976 3365 obsideret.
