2259 3875
116 90 149 163 2⁵¹2,

251 235 326 293 '74
812 231 1136 309 „Sannusru
1161 227 1504 295 Jveunrm.

136 502 143 515 ν
107 272 153 458 )ἰ.ί].,
104 212 149 231 ι’

245 389 513 464 reticeat,
542 406 656 449 non
683 388 861 453 sociis
882 390 1054 453 saluti
1080 390 1210 453 ὥτε
1237 413 1254 465 ;
1295 411 1431 463 sese
1445 408 1696 470 suasque
1713 407 1851 469 spes
1871 409 2104 472 corrup·

244 487 508 547 turum.”
1959 475 1965 481 ’

321 577 596 637 xwa.
641 579 824 651 Dens,
854 580 954 639 ubi
972 579 1281 641 Memmius
1302 580 1535 641 dicundi
1556 579 1733 641 finem
1752 579 1913 650 fecit,
1937 588 1997 640 et
2010 581 2102 638 Ju-

239 674 449 750 gurtha
476 662 836 748 respondere
866 673 1065 750 jussus
1094 682 1204 737 est,
1235 672 1305 730 C.
1353 673 1606 734 Baebius
1632 675 1902 733 tribunus
1929 674 2101 752 plebis

112 798 150 841 ,2
240 781 416 843 quem
443 766 691 841 pecunia
717 774 1056 842 corruptum
1083 785 1260 843 supra
1285 764 1556 835 diximus,
1583 785 1785 842 regem
1812 776 2009 827 tacere
2017 769 2101 845 ju·

129 880 188 930 ξ’*
235 855 386 943 bet:
432 876 523 927 ac,
549 857 785 916 ”tamen
821 858 930 916 etsi
957 858 1283 919 multitudo.
1322 859 1559 935 quaein
1580 859 1865 919 concione
1893 861 2100 931 aderat,

116 942 155 967 ³
229 951 624 1011 vehementer
649 970 915 1020 accensa,
944 953 1205 1011 terrebat
1234 971 1369 1010 eum
1401 952 1683 1023 clamore,
1712 955 1895 1024 voltu,
1936 970 2102 1030 saepe

82 1034 153 1055 ”“”’
233 1044 456 1122 impetu
487 1050 659 1122 atque
704 1044 830 1103 aliis
859 1045 1144 1113 omnibu8‚
1194 1066 1342 1122 quae
1385 1046 1473 1106 ira
1511 1046 1643 1106 fleri
1670 1054 1837 1116 amat,
1865 1048 2006 1107 vicit
2030 1055 2100 1107 ta·

146 1134 159 1159 ⁸
232 1154 370 1197 men
396 1136 770 1213 impudentia.
856 1138 939 1196 lta
968 1140 1218 1214 populus
1266 1139 1517 1198 ludibrio
1565 1139 1794 1199 habitus
1824 1160 1899 1199 ex
1920 1140 2101 1200 conci-

162 1218 165 1223 Γ
234 1248 350 1290 one
397 1229 675 1300 dicessit3
720 1228 1044 1304 Jugurthae
1086 1230 1437 1307 Bestiaeque
1477 1244 1538 1291 et
1555 1232 1795 1300 ceteriS,
1823 1251 1968 1307 quos
2003 1233 2106 1311 „ma

236 1321 498 1400 quaestio
523 1322 867 1397 exagitabat,
910 1324 1078 1383 animi
1103 1331 1437 1399 augescunt.
2113 1390 2118 1397 ‚

312 1414 556 1473 XXXV.
604 1415 690 1473 EA
730 1424 857 1475 erat
904 1423 1248 1492 tempestate
1299 1416 1517 1474 Romae
1565 1414 1815 1474 Numida
1856 1416 2101 1495 quidam,

230 1509 464 1571 nomine
492 1507 766 1579 Massiva,
797 1511 1087 1568 Gulussae
1129 1509 1303 1573 filius,
1351 1508 1686 1567 Masinissae
1714 1528 1943 1585 nepos;
1988 1511 2101 1587 qui,

231 1603 387 1682 quia,
414 1602 474 1660 in
501 1602 857 1661 dissensione
880 1620 1105 1676 regum,
1125 1601 1161 1655 J
1169 1606 1450 1676 ugurthae
1474 1603 1753 1661 advorsus
1769 1601 1979 1672 fuerat,
2005 1602 2101 1660 de-

104 1697 145 1753 22
228 1697 348 1756 dita
376 1696 540 1755 Cirta
569 1705 631 1756 et
660 1697 993 1753 Adherbale
1020 1693 1350 1761 interfectm
1375 1693 1658 1772 profugus
1681 1715 1756 1752 ex
1774 1693 1970 1756 Africa
1987 1697 2101 1754 abi·
2125 1724 2129 1728 ·

138 1842 145 1853 ,
232 1797 376 1851 erat.
464 1789 620 1851 Huic
647 1790 750 1862 Sp.
787 1789 1048 1858 Albinus,
1079 1789 1179 1863 qui
1204 1807 1489 1864 proxumo
1518 1809 1666 1848 anno
1695 1788 2100 1866 posttssestiam

126 1926 135 1933 .
234 1900 370 1944 cum
417 1882 491 1950 Q.
534 1879 793 1936 Minucio
844 1878 996 1936 Rufo
1044 1882 1410 1940 consulatum
1458 1885 1722 1957 gerebat,
1770 1884 2099 1960 persuadet,

229 1973 501 2053 quoniam
538 1990 613 2044 ex
655 1971 838 2046 stirpe
868 1971 1206 2031 Masinissae
1236 1974 1329 2039 sit,
1362 1973 1751 2047 ⁶⁹Jugurtham
1780 1978 1855 2033 ob
1882 1978 2102 2035 scelera

218 2065 447 2129 invidia
474 2082 606 2123 cum
634 2071 792 2121 metu
822 2072 1127 2141 urgueat3
1163 2082 1403 2137 regnum
1455 2063 1763 2123 Numidiae
1806 2070 1879 2126 ab
1904 2077 2098 2127 senatu

224 2166 407 2241 petat.
493 2160 712 2218 Avidus
740 2160 943 2217 consul
980 2158 1163 2215 ⁷⁰belli
1194 2157 1460 2232 gerundi,
1497 2159 1783 2218 ”movere
1824 2182 1992 2238 quam
2014 2182 2097 2223 se·

224 2272 480 2315 nescere
508 2254 699 2311 omnia
726 2252 1020 2308 malebat:
1067 2249 1179 2325 ipsi
1211 2235 1510 2323 provincia
1555 2249 1872 2326 Numidia;
1916 2256 2098 2316 Minu·

200 2348 321 2408 -cio
348 2346 732 2404 ⁷²Macedoma
780 2348 1080 2401 evenerat.
1171 2341 1334 2413 Quae
1375 2353 1677 2421 postquam
1720 2345 1969 2406 Massiva
1992 2348 2100 2424 agi·

223 2450 354 2501 tare
383 2440 600 2517 coepit,
630 2454 825 2514 neque
843 2435 1169 2511 Jugurthae
1198 2435 1255 2494 in
1299 2437 1493 2495 amicis
1537 2440 1671 2497 satis
1693 2442 1970 2515 praesidii
1996 2451 2098 2512 est,

226 2536 383 2610 quod
410 2552 614 2589 eorum
643 2533 815 2590 alium
839 2532 1212 2599 conscientia,
1238 2531 1413 2591 alium
1438 2534 1586 2592 mala
1611 2532 1759 2594 sama
1786 2543 1846 2595 et
1885 2536 2099 2595 ⁷³timor

223 2623 631 2702 impediebam
675 2623 1008 2690 Bomilcari,
1056 2644 1344 2701 proxumo
1387 2645 1456 2685 ac
1503 2648 1768 2688 maxume
1817 2628 1933 2687 fido
1973 2629 2098 2699 sibi,

225 2719 499 2795 imperat,
545 2723 586 2749 ‘⁸
619 2717 832 2789 pretio,
880 2717 1049 2776 sicuti
1093 2720 1271 2778 multa
1334 2720 1692 2793 confecerat,
1739 2723 2099 2801 insidiatores

224 2814 517 2874 Massivae
544 2817 732 2886 paret,
772 2828 839 2867 ac
863 2809 1172 2869 '⁷⁴maxume
1210 2813 1440 2870 occulte
1477 2836 1491 2883 3
1535 2813 1624 2870 sin
1651 2816 1706 2870 id
1736 2834 1942 2891 parum
1970 2836 2098 2894 pro·

225 2899 417 2974 cedat,
448 2905 651 2983 quovis
675 2904 844 2961 modo
871 2903 1180 2962 Numidam
1205 2903 1583 2960 interficiatss’
1666 2904 1955 2966 Bomilcar
1986 2930 2099 2988 ma-

228 3008 364 3062 ture
387 2999 540 3075 regis
561 2998 819 3057 mandata
843 2997 1185 3072 exsequitur
1210 3016 1224 3050 2
1257 3001 1340 3061 et,
1363 3013 1476 3071 per
1496 2995 1757 3056 homines
1780 2998 1907 3055 talis
1927 3017 2098 3075 nego·

229 3093 296 3153 tii
325 3090 593 3158 artifices,
620 3090 870 3151 ⁷⁵itinera
917 3106 1303 3164 egressusque
1349 3088 1499 3165 ejus,
1542 3096 1837 3165 postremo
1864 3092 1993 3151 loca
2020 3098 2097 3150 at-

233 3207 348 3269 que
378 3196 639 3261 tempora
661 3195 866 3248 cuncta
890 3187 1158 3262 explorat
1194 3207 1207 3241 t
1254 3185 1484 3252 demde,
1507 3186 1605 3244 ubi
1633 3205 1729 3246 res
1759 3190 2098 3263 postulabat,

233 3284 467 3341 insidias
495 3278 699 3340 tendit,
781 3282 963 3356 Igitur
982 3279 1134 3339 unus
1156 3298 1228 3338 ex
1260 3297 1331 3338 eo
1352 3299 1614 3339 numero.
1641 3282 1741 3358 qui
1771 3283 1838 3340 ad
1864 3282 2100 3339 caedem

234 3374 441 3451 parati,
464 3368 700 3450 ⁷⁶paullo
727 3371 1103 3464 inconsultius
1125 3373 1434 3436 Massivam
1448 3374 1802 3453 adgreditur,
1817 3374 1978 3435 illum
2000 3374 2098 3434 ob-

1173 3539 1300 3580 mist.-
1395 3553 1404 3562 .
