2259 3875
673 259 993 320 SALLvsTn
1019 257 1363 319 Jnounrm.
1603 260 1616 279 ⁴
1882 263 1959 322 95
2025 326 2034 333 ,

78 412 185 473 diis
212 412 514 484 faciundis,
540 430 653 472 non
680 414 909 473 Graeca
936 414 1222 480 facundia,
1252 429 1448 488 neque
1472 411 1750 475 “urbanis
1788 435 1953 478 mun-

78 507 227 565 ditiis
255 524 392 566 sese
420 505 728 563 exercuit:
776 507 856 564 ita
882 506 1035 564 inter
1064 505 1202 563 artis
1245 504 1425 561 bonas
1467 505 1758 579 integrum
1797 509 1953 585 inge·

76 599 235 659 nium
263 596 437 655 brevi
466 596 740 655 adolevit.
788 598 940 671 Ergo
970 597 1067 655 ubi
1096 598 1349 673 primum
1376 595 1730 654 tribunatum
1756 598 1954 660 milita-

78 707 204 749 rem
235 709 270 748 a
312 687 534 766 populo
580 687 750 764 petit,
790 689 1091 765 plerisque
1133 689 1341 748 faciem
1382 688 1510 764 ejus
1540 687 1958 764 ignorantibus,

77 779 250 842 facile
278 781 488 855 ¹³²⁵notus
532 798 642 856 per
667 778 851 839 omnis
873 784 1056 840 tribus
1085 783 1436 841 declaratur.
1523 780 1751 839 Deinde
1793 780 1863 837 ab
1889 798 1963 838 eo

79 874 412 957 magistratu
455 873 628 929 alium
671 880 804 948 post
830 873 1005 932 alium
1046 875 1156 932 sibi
1201 875 1469 951 peperit3
1511 890 1868 950 semperque
1904 873 1964 932 iu

79 964 457 1044 potestatibus
482 982 558 1021 eo
585 965 752 1023 modo
780 967 1049 1040 agitabat,
1074 966 1159 1024 uti
1181 967 1486 1043 ampliore,
1503 985 1675 1042 quam
1699 966 1967 1040 gerebat,

81 1059 288 1133 dignus
318 1057 657 1116 haberetur.
728 1057 953 1117 Tamen
999 1060 1069 1128 is,
1096 1059 1208 1119 asad
1250 1060 1308 1118 id
1360 1061 1623 1118 locorum
1672 1059 1802 1117 talis
1853 1057 1966 1129 vir,

82 1148 242 1217 (nam
289 1158 488 1224 postea
536 1150 846 1208 ambitione
898 1171 1183 1228 praeceps
1211 1155 1375 1210 datus
1418 1150 1539 1229 est)
1565 1151 1965 1211 ”consulatum

82 1252 368 1319 appetere
415 1261 527 1300 non
562 1243 827 1302 audebat.
903 1244 1087 1303 Etiam
1115 1254 1237 1304 tum
1275 1246 1416 1303 alios
1445 1249 1807 1320 magistratus
1836 1246 1961 1320 ple-

82 1337 211 1402 bes,
254 1337 611 1395 consulatum
661 1337 925 1397 nobilitas
973 1340 1128 1397 inter
1174 1358 1240 1397 se
1287 1358 1398 1414 per
1436 1357 1636 1396 manus
1678 1339 1959 1397 tradebat.

86 1426 291 1487 Novus
332 1448 503 1486 nemo
543 1438 655 1486 tam
695 1432 910 1498 clama,
951 1450 1146 1506 neque
1192 1441 1307 1488 tam
1337 1431 1584 1505 egregiis
1623 1429 1787 1488 sactis
1815 1436 1965 1498 erat,

89 1523 224 1599 quin
248 1522 380 1579 “his
409 1523 668 1596 indignus
696 1524 796 1582 illo
823 1528 1046 1582 honore
1073 1531 1134 1583 et
1155 1529 1315 1601 quasi
1341 1526 1597 1601 pollutus
1623 1525 1962 1583 haberetur.

167 1614 380 1672 LXIV.
426 1615 660 1677 loiron.
691 1618 791 1675 ubi
821 1618 1038 1675 Marius
1088 1618 1413 1691 haruspicis
1468 1618 1624 1674 dicta
1653 1617 1858 1674 eodem
1883 1618 1967 1673 in-

92 1709 335 1795 tendere
363 1704 549 1777 videt,
574 1729 689 1786 quo
743 1710 958 1784 cupido
1008 1710 1179 1766 animi
1228 1709 1589 1775 hortabatur,
1630 1709 1701 1765 ab
1725 1707 1968 1766 Metello

94 1801 331 1878 petundi
371 1804 552 1877 gratia
606 1802 936 1859 missionem
987 1809 1190 1876 rogat:
1234 1801 1329 1857 cui
1373 1819 1716 1876 quamquam
1766 1800 1969 1871 virtus,

94 1894 297 1969 gloria,
326 1905 499 1971 atque
527 1894 637 1953 alia
668 1893 912 1972 optanda
944 1895 1107 1952 bonis
1160 1894 1536 1970 superabant,
1568 1905 1757 1953 tamen
1784 1895 1972 1953 inerat

94 1986 459 2046 ”contemtor
483 1989 705 2046 animus
734 1997 792 2045 et
830 1989 1129 2065 superbia,
1185 2005 1487 2045 commune
1518 1988 1826 2046 nobilitatis
1856 2006 1970 2045 ma·

94 2079 237 2137 lum.
324 2081 523 2157 Itaque
555 2083 805 2157 primum
849 2090 1172 2140 commotus
1226 2080 1453 2138 insolita
1508 2099 1598 2144 re.
1625 2081 1823 2137 mirari
1846 2083 1972 2157 ejus

95 2172 420 2244 consilium,
452 2180 513 2231 et
539 2174 699 2250 quasi
728 2193 839 2249 per
855 2174 1162 2230 amicitiam
1189 2190 1454 2238 monere,
1484 2179 1522 2204 “
1556 2188 1631 2226 ne
1657 2169 1815 2226 ⁹⁰tam
1842 2187 1982 2244 pra-‘

92 2281 172 2323 va
192 2264 504 2340 inciperet,
533 2284 646 2323 neu
676 2284 858 2339 super
909 2263 1199 2321 fortunam
1256 2263 1503 2319 animum
1531 2267 1770 2335 gereret
1804 2281 1818 2316 z
1862 2278 1977 2316 non

95 2358 288 2415 omnia
314 2356 578 2412 omnibus
605 2356 893 2426 cupiunda
942 2372 1114 2409 esse.
1160 2355 1381 2408 debere
1436 2354 1518 2408 illi
1554 2370 1651 2408 res
1680 2368 1811 2407 suas
1839 2350 1974 2408 satis

96 2449 386 2526 placere.
433 2453 729 2520 postremo
758 2452 999 2501 caveret
1026 2445 1081 2499 id
1136 2452 1343 2516 petere
1375 2462 1406 2498 a
1443 2443 1662 2516 populo
1694 2440 1972 2512 Romanu,

98 2527 253 2619 quod
283 2538 405 2597 illi
380 2556 520 2614 Jure
545 2536 899 2610 negaretur)
884 2536 922 2561 ’'
1008 2534 1315 2608 Postquam
1341 2535 1483 2590 haec
1506 2544 1677 2609 atque
1699 2534 1834 2592 talia
1856 2535 1978 2594 dix·

98 2634 162 2703 it,
193 2650 389 2707 neque
414 2630 633 2687 animus
659 2627 829 2684 Marii
850 2626 1129 2694 flectitur
1154 2626 1518 2701 respondit‚‘
1526 2627 1705 2685 ‘⁹¹ubi
1732 2629 1980 2704 primum

102 2724 388 2804 potuisset
413 2739 523 2797 per
545 2720 772 2795 negotia
827 2720 1080 2796 publica.
1121 2718 1408 2777 facturum
1449 2738 1604 2789 sese,
1634 2741 1783 2798 quae
1814 2729 1978 2796 pete-

105 2817 265 2878 ret.”
348 2818 432 2872 Ac
462 2823 662 2890 postea
689 2814 922 2889 saepius
944 2813 1149 2870 eadem
1174 2813 1500 2889 postulanti.
1525 2812 1715 2872 fertur
1741 2814 1977 2886 dixisse,

94 2916 250 2969 “ne
277 2908 578 2968 festinaret
626 2907 832 2976 abire:
880 2908 1019 2963 satis
1072 2916 1299 2963 mature
1355 2907 1517 2963 ilium
1545 2925 1676 2964 cum
1729 2903 1848 2960 filio
1874 2921 1980 2962 suo
2049 2923 2054 2932 ·

110 3002 462 3062 consulatum
484 2999 878 3074 petiturum.”
964 2998 1016 3055 ls
1044 3017 1117 3055 eo
1166 3007 1434 3074 tempore
1463 2994 1851 3055 contubernio
1880 3016 1978 3072 pa-

116 3099 215 3156 tris
243 3096 456 3152 ibidem
486 3094 785 3160 militabat,
830 3092 1050 3148 ¹mannos
1080 3104 1244 3149 natus
1298 3092 1539 3150 circiter
1561 3107 1658 3145 xx.
1689 3089 1854 3160 Quae
1884 3110 1979 3149 res

112 3187 363 3252 Marium
392 3204 522 3244 cum
551 3205 658 3259 pro
707 3187 954 3251 honore,
1010 3203 1184 3260 quem
1239 3183 1584 3248 adfectabat,
1624 3191 1747 3241 tum
1781 3190 1981 3242 contra

114 3280 421 3342 Metellum
449 3278 835 3336 vehementer
884 3281 1190 3335 accendet-z
1210 3285 1258 3333 t.
1369 3274 1454 3332 lta
1503 3276 1775 3353 cupidine
1804 3281 1976 3346 atque

110 3369 226 3449 aa,
253 3370 538 3453 pessumis
584 3367 1031 3441 consultoribus,
1055 3366 1349 3445 ¹’‘gi-assari
1383 3389 1401 3445 5
1443 3387 1636 3452 nsque
1663 3367 1813 3425 facts
1836 3363 1980 3441 ullo,
