2259 3875
10 12 23 131 ἶ
96 12 135 17 ἡ

644 261 651 267 -
756 217 1071 283 Sinnusrn
1093 219 1129 277 J
1134 237 1433 285 uonna-m.
1955 226 2034 287 85

122 335 197 485 f
240 379 310 438 L.
341 381 483 451 San,
509 378 611 439 ubi
633 378 907 438 Numidas
937 379 1190 456 quietos,
1237 395 1434 454 neque
1472 378 1623 437 colle
1649 382 1889 459 degredi
1919 384 2038 445 ani.

166 473 502 543 madvortit,
530 471 756 535 veritus
793 461 876 531 ex
903 472 1036 530 anni
1084 476 1354 546 tempore
1403 477 1465 527 et
1511 469 1702 546 inopia
1727 494 1933 552 aquae,
1961 495 2038 539 ne

164 563 254 623 siti
284 563 681 623 conficeretur
704 564 1025 629 exercitus,
1054 561 1339 621 Rutilium
1358 560 1612 636 legatum
1640 580 1769 622 cum
1797 569 2041 645 expedi.

164 657 234 717 tis
262 656 607 716 cohortibus
635 664 699 715 et
721 664 891 732 parte
931 658 1191 732 equitum
1236 653 1535 729 praemisit
1580 654 1650 713 ad
1692 652 1931 727 flumen,
1956 662 2041 720 uti

166 751 363 810 locum
391 750 601 810 castris
630 756 1012 825 antecaperet
1038 769 1054 816 ς
1099 746 1471 817 existumans,
1498 748 1680 806 hostis
1706 748 1921 806 crebro
1941 750 2042 810 im-

171 853 310 922 petu
340 851 401 901 et
445 841 838 903 ⁹⁵transvorsis
883 840 1123 916 praeliis
1166 840 1280 898 iter
1307 858 1473 899 suum
1524 849 1943 910 remoraturos,
1965 851 2047 915 et,

173 937 442 1012 quoniam
467 935 642 993 armis
669 933 1019 1000 diffiderent,
1062 932 1500 993 “lassitudinem
1540 940 1603 991 et
1625 932 1781 992 sitim
1808 933 2050 995 militum

178 1034 516 1087 tentaturos.
603 1027 756 1085 Dein
783 1027 915 1103 ipse
943 1044 1053 1103 pro
1081 1044 1150 1084 re
1179 1034 1351 1103 atque
1373 1026 1529 1097 loco,
1547 1024 1717 1084 sicuti
1736 1036 1930 1087 monte
1948 1027 2049 1088 de·

174 1120 498 1190 scanderat,
524 1120 819 1197 paullatim
843 1120 1174 1196 procedere
1207 1142 1223 1178 ε
1270 1117 1519 1177 Marium
1560 1118 1734 1195 ”post
1765 1119 2052 1198 principia

175 1211 438 1277 habere:
480 1213 612 1289 ipse
639 1233 774 1272 cum
800 1213 1067 1272 sinistrae
1097 1214 1224 1271 alae
1254 1211 1546 1287 equitibus
1568 1229 1720 1272 esse.
1750 1214 1849 1289 qui
1879 1213 1936 1272 in
1955 1233 2051 1290 ag·

172 1305 329 1363 mine
353 1304 693 1383 ⁹8principes
723 1304 860 1364 facti
890 1315 1076 1364 erant.
1164 1307 1239 1362 At
1262 1303 1298 1358 J
1305 1305 1575 1379 ugurtha,
1601 1304 1699 1362 ubi
1723 1317 2052 1366 extremum

174 1417 376 1473 agmen
404 1397 631 1456 Metelli
646 1398 907 1474 ”primos
933 1417 1070 1456 suos
1097 1404 1602 1474 praetergressum
1626 1396 1801 1466 videt,
1829 1398 2052 1474 praesi-

176 1490 266 1548 dio
293 1490 712 1566 ¹⁰⁰quasidufim
753 1489 998 1549 millium
1046 1491 1305 1566 peditum
1352 1501 1606 1548 montem
1644 1501 1912 1566 occupat,
1941 1511 2055 1571 qua

177 1581 450 1641 Metellus
471 1583 853 1642 descenderat
881 1605 897 1653 ;
941 1603 1014 1641 ne
1045 1581 1197 1639 sorte
1219 1582 1559 1640 cedentibus
1583 1583 1929 1642 advorsariis
1959 1605 2052 1646 re·

179 1676 399 1752 ceptui,
427 1695 496 1734 ac
522 1685 656 1752 post
681 1676 1040 1734 munimento
1068 1673 1222 1733 soret
1251 1696 1264 1732 ε
1311 1675 1470 1747 dein,
1492 1682 1738 1751 repente
1767 1677 1928 1753 signo
1954 1680 2051 1739 da-

178 1776 261 1840 to,
286 1769 466 1828 bostis
498 1770 734 1827 invadit.
778 1767 1066 1825 Numidae
1095 1766 1192 1824 alii
1212 1768 1561 1842 'postremos
1583 1770 1839 1828 caedere
1868 1795 1883 1841 ;
1916 1790 2049 1850 pars

179 1882 210 1920 a
225 1863 453 1921 sinistra
476 1880 543 1920 ac
565 1861 810 1919 dextera
830 1872 1057 1918 tentare
1083 1881 1098 1917 z
1143 1857 1353 1918 infensi
1371 1861 1575 1920 adesse
1598 1869 1772 1940 atque
1789 1863 2006 1926 instare
2033 1891 2047 1925 ε

181 1959 438 2016 omnibus
466 1957 610 2017 locis
655 1955 1046 2015 Romanorum
1089 1955 1325 2013 ordines
1366 1957 1720 2018 conturbare
1748 1981 1763 2030 ;
1807 1979 2057 2038 quorum

182 2053 350 2112 etiam
372 2056 473 2131 qui
499 2053 851 2112 firmioribus
880 2048 1081 2138 animis
1133 2051 1291 2109 obvii
1339 2050 1598 2112 hostibus
1624 2051 1881 2126 fuerant,
1907 2057 2056 2116 ludi-

182 2145 333 2205 ficati
361 2148 587 2205 incerto
614 2147 861 2222 praelio,
886 2143 1020 2221 ²ipsi
1047 2143 1221 2199 modo
1248 2142 1473 2202 eminus
1498 2146 1928 2214 sauciabantur,
1954 2167 2057 2210 ne·

182 2258 294 2316 que
322 2251 523 2299 contra
564 2237 837 2304 feriundi,
888 2243 985 2293 aut
1026 2252 1255 2292 manum
1299 2234 1649 2294 conserendi
1692 2237 1862 2311 copia
1908 2248 2052 2299 erat.

176 2334 365 2390 Antea
378 2332 502 2403 jam
522 2329 675 2387 docti
702 2330 774 2385 ab
819 2327 1110 2400 Juguriha
1154 2327 1406 2401 equites,
1451 2328 1802 2403 ubicumque
1844 2328 2061 2389 Roma-

178 2439 392 2481 norum
420 2421 593 2477 turba
632 2418 861 2491 insequi
915 2426 1218 2489 coeperat,
1263 2435 1377 2473 non
1421 2416 1750 2485 confertim,
1778 2437 1970 2496 neque
1997 2424 2058 2482 in

178 2531 361 2574 unum
380 2528 512 2570 sese
543 2508 926 2584 recipiebant.
976 2507 1079 2565 sed
1122 2508 1269 2565 alius
1314 2506 1430 2564 alio
1469 2526 1643 2583 quam
1684 2528 1951 2576 maxume
1972 2518 2057 2578 di.

180 2606 363 2668 vorsi.
449 2604 535 2662 Ita
562 2618 809 2660 numero
836 2598 1091 2676 priores,
1119 2599 1167 2656 si
1197 2602 1267 2657 ab
1309 2602 1719 2677 persequendo
1749 2607 1927 2668 bostis
1953 2613 2055 2673 de·-

181 2708 417 2759 terrere
446 2695 853 2774 nequiverant,
885 2692 1160 2770 disjectos
1188 2694 1261 2751 ab
1300 2700 1488 2769 tergo,
1515 2705 1611 2755 aut
1638 2698 1914 2760 lateribus
1942 2706 2059 2763 cir·

179 2793 629 2852 cumveniebant
661 2811 676 2845 :
721 2787 809 2846 sin
838 2789 1224 2864 opportunior
1258 2785 1427 2862 fugae
1453 2789 1641 2861 collis,
1670 2812 1841 2869 quam
1867 2800 2058 2871 campi

180 2885 433 2948 fuerant,
461 2886 555 2943 ³ea
582 2900 729 2941 vero
774 2880 1039 2941 consueti
1077 2879 1458 2942 Numidarum
1509 2885 1647 2959 equi
1691 2883 1862 2943 facile
1901 2886 2058 2950 iuter

178 2963 428 3055 'virgulta
453 2977 712 3038 evadere
743 2998 760 3049 ς
803 2983 1033 3036 nostros
1075 2975 1357 3052 asperitas
1399 2984 1462 3035 et
1485 2976 1792 3035 insolentia
1815 2978 1930 3042 loci
1957 3001 2053 3043 re.

134 3127 143 3138 ,
185 3072 513 3144 tinebant„

148 3217 155 3232 .
252 3169 352 3225 Ll.
397 3165 690 3226 cernua
715 3162 894 3222 facies
919 3162 1095 3230 totius
1124 3162 1340 3239 negotii
1369 3159 1547 3226 varia,
1587 3160 1833 3236 incerta,
1860 3166 2051 3225 ‘foeda

186 3254 358 3325 atque
400 3244 787 3303 miserabilis:
832 3242 1082 3319 dispersi
1110 3260 1144 3298 a
1168 3242 1286 3298 suis
1325 3254 1461 3314 pars
1489 3237 1733 3312 cedere,
1759 3244 1852 3299 alii
1893 3242 2048 3301 inse·

190 3341 288 3418 qui
320 3363 335 3402 ε
380 3355 578 3418 neque
621 3337 802 3415 signa,
830 3354 1026 3415 neque
1050 3335 1284 3393 ordines
1313 3332 1633 3398 observare
1662 3358 1677 3393 ε
1722 3334 1819 3390 ubi
1848 3351 2045 3412 quem,
