2259 3875
268 263 287 315 1
307 262 374 315 14
847 252 1166 313 vasrn
1187 249 1224 308 J
1228 268 1532 313 cavarum

254 412 377 472 cios
402 409 472 469 ad
500 426 634 468 eum
660 424 840 487 saepe
860 410 1124 481 miserat,
1154 417 1193 445 “
1215 410 1373 469 velle
1414 408 1618 486 populi
1660 406 1902 469 Romani
1929 410 2105 469 amici·

251 504 410 574 tiam,
436 521 513 561 ne
537 505 685 580 quid
716 503 788 561 ab
813 520 881 561 se
921 503 1136 562 hostile
1175 502 1477 561 timeret.”
1560 503 1630 559 ld
1668 503 2134 574 simularet-itus„⁸

253 614 369 675 quo
409 599 757 673 improvisus
782 597 1057 672 ¹³³gravior
1098 596 1413 664 accideret,
1456 614 1528 655 an
1570 598 1889 657 mobilitate
1915 598 2104 679 ingenii

249 709 456 768 pacem
484 700 656 767 atque
686 691 903 761 bellum
924 697 1146 751 mutare
1167 690 1389 759 solitus,
1419 708 1627 765 parum
1654 690 2037 768 exploratum.

328 770 651 841 Lxxxt'x.
694 783 814 840 Sto
841 783 1065 852 consul,
1091 783 1176 841 uti
1201 788 1501 851 statuerat,
1528 783 1744 859 oppida
1771 784 2100 860 castellaque

249 879 467 937 munita
486 877 685 936 adire:
729 876 938 954 partim
965 877 1046 946 vi,
1075 876 1187 935 alia
1214 883 1394 945 metu,
1417 886 1517 934 aut
1546 878 1808 953 praemia
1837 885 2101 947 ostentan-

250 971 323 1031 do
352 976 622 1029 avortere
665 970 739 1026 ab
776 969 1059 1027 hostibus»
1146 968 1230 1026 Ac
1277 968 1469 1044 primo
1515 968 1832 1027 mediocria
1869 968 2106 1044 gerebat,

250 1064 622 1133 existumans,
649 1061 992 1137 Jugurtham
1022 1063 1097 1121 ob
1123 1079 1259 1119 suos
1306 1063 1573 1121 tutandos
1602 1064 1661 1122 in
1691 1080 1891 1122 manus
1921 1067 2114 1121 νων

249 1171 399 1212 rum.
484 1155 621 1220 Sed,
649 1154 747 1212 ubi
776 1154 983 1228 procul
1025 1158 1254 1222 abesse,
1297 1160 1355 1211 et
1401 1154 1528 1211 aliis
1574 1153 1816 1228 negotiis
1842 1154 2106 1213 intentum

251 1246 495 1322 accepit,
523 1246 799 1320 “majora
823 1256 883 1303 et
911 1265 1122 1322 aspera
1165 1248 1399 1323 adgredi
1424 1257 1651 1322 tempus
1686 1247 1895 1305 visum.
1983 1247 2109 1304 Erat

246 1341 401 1401 iuter
426 1338 1040 1413 ingentissolitudines
1074 1342 1349 1417 oppidum
1396 1340 1659 1415 magnum
1699 1347 1874 1414 atque
1901 1339 2111 1409 valens,

249 1433 481 1490 nomine
528 1429 742 1507 Capsa,
771 1432 938 1508 cujus
977 1434 1246 1491 conditor
1268 1432 1604 1492 ⁹⁵Hercules
1641 1432 1817 1509 Libys
1838 1449 2106 1521 memora.-

248 1526 448 1592 batur.
519 1523 663 1602 Ejus
692 1525 855 1583 cives
876 1526 1028 1601 apud
1054 1525 1402 1600 ,Iugurtham
1427 1526 1775 1596 “immunem
1801 1526 2105 1601 leviimpe·

249 1619 362 1690 ri0,
408 1625 468 1679 et
511 1621 586 1677 ob
628 1638 697 1677 ea
724 1617 1069 1676 fidelissumi
1116 1619 1525 1677 habebantur:
1572 1619 1777 1677 muniti
1817 1619 2108 1679 advorsum

249 1712 432 1772 hostis
456 1732 568 1772 non
597 1712 897 1772 moenibus
921 1714 1112 1786 modo,
1140 1719 1203 1771 et
1223 1713 1393 1771 armis
1412 1721 1587 1790 atque
1608 1713 1772 1777 viris
1799 1714 1980 1772 multo
2003 1730 2105 1770 ma·

245 1809 330 1884 gis
353 1812 616 1866 locorum
643 1810 976 1882 asperitate.
1061 1804 1235 1876 Nam,
1267 1814 1506 1882 praeter
1542 1800 1756 1886 oppido
1777 1807 2106 1884 propinqua,

248 1902 360 1960 alia
389 1900 575 1958 omnia
606 1907 783 1968 vasta,
816 1900 1051 1969 inculta,
1098 1900 1329 1975 egentia
1358 1918 1562 1977 aquae,
1603 1899 1812 1961 infesta
1833 1897 2118 1977 serpenti-²

248 1997 355 2053 bus
384 2014 397 2050 ε
445 2010 687 2069 quarum
716 1994 825 2064 vis,
855 1996 1026 2053 sicuti
1046 1994 1303 2052 omnium
1323 1993 1602 2058 ferarum,
1627 1995 1823 2070 inopia
1840 1996 1955 2054 cibi
1976 1993 2118 2054 acri·>

250 2104 358 2146 or:
404 2087 472 2144 ad
503 2086 615 2144 hoc
658 2095 862 2146 natura
899 2087 1281 2161 serpentium,
1342 2088 1468 2158 ipsa
1506 2088 1858 2160 perniciosa,
1888 2091 1977 2148 siti
2006 2105 2104 2146 ma·

159 2169 163 2174 ⁶
246 2180 352 2257 gis,
383 2200 551 2258 quam
570 2181 678 2239 alia
700 2199 788 2250 re,
812 2178 1165 2238 accenditur.
1210 2176 1352 2251 Ejus
1374 2178 1636 2250 potiundi
1656 2178 1910 2239 Marium
1930 2161 2124 2241 matu:

247 2295 340 2335 ma
369 2276 579 2353 cupido
606 2274 917 2340 invaserat,
938 2289 1080 2355 *cum
1100 2277 1349 2356 propter
1366 2289 1536 2332 usum,
1554 2271 1716 2343 belli,
1733 2281 1856 2332 tum
1876 2276 2015 2350 quia
2028 2290 2110 2333 res

250 2388 458 2448 aspera
499 2368 854 2438 videbatur,
839 2387 851 2400 ·
900 2371 960 2423 et
1003 2363 1283 2423 Metellus
1326 2366 1606 2442 oppidum
1648 2364 1901 2427 Thalam
1927 2386 2143 2453 magna·

248 2466 431 2539 gloria
458 2468 719 2539 ceperat,
750 2459 899 2519 haud
924 2459 1286 2518 dissimiliter
1324 2459 1502 2518 situm
1523 2460 1972 2539 munitumque3
2013 2459 2111 2521 nisi

250 2560 404 2647 quod
433 2559 585 2631 apud
613 2556 862 2614 Thalam
888 2555 1040 2615 haud
1067 2559 1238 2632 longe
1281 2577 1315 2615 a
1353 2558 1659 2639 moenibus
1693 2559 1913 2636 aliquot
1937 2555 2110 2617 fontes

252 2644 439 2716 erant,
465 2645 802 2719 Capsenses
831 2665 944 2705 una
968 2650 1163 2717 modo,
1194 2657 1368 2725 atque
1405 2668 1477 2708 ea
1496 2650 1648 2709 intra
1675 2652 1973 2727 oppidum,
1994 2650 2110 2727 ”ju-

249 2751 308 2828 gi
329 2764 497 2826 aqua,
525 2749 729 2801 cetera
773 2743 970 2817 pluvia
1005 2747 1338 2803 utebantur.
1426 2747 1491 2803 ld
1526 2747 1748 2821 ibique,
1797 2757 1857 2807 et
1883 2751 1945 2807 in
1971 2744 2116 2808 omni

250 2842 464 2910 Africa.
494 2853 648 2915 quae·
663 2836 874 2910 procul
897 2854 932 2892 a
976 2838 1119 2893 mari
1141 2834 1412 2892 incultius
1429 2838 1654 2911 agebat,
1685 2855 1759 2893 eo
1787 2838 2012 2900 facilius
2036 2848 2110 2899 to-

250 2939 568 3002 lerabatur,
597 2928 731 3009 quia
752 2927 1038 2985 Numidae
1080 2927 1432 3003 plerumque
1477 2929 1631 2987 lacte
1659 2936 1719 2988 et
1740 2929 1925 2992 ferina
1946 2925 2126 2992 carine

251 3029 662 3093 vescebantur,
690 3037 883 3098 neque
911 3016 1158 3083 walam,
1187 3036 1384 3095 neque
1426 3022 1539 3082 alia
1565 3021 1926 3083 irritamenta
1955 3013 2122 3101 gulae‘

255 3115 613 3197 quaerebant
646 3138 661 3173 z
706 3113 868 3173 cibus
894 3109 1008 3170 illis
1035 3109 1344 3173 advorsum
1370 3112 1582 3174 famem
1609 3121 1783 3193 atque
1810 3115 1986 3187 sitim,
2008 3130 2108 3175 nos

252 3207 521 3278 lubidini,
548 3215 741 3281 neque
763 3208 1031 3269 luxuriae
1062 3219 1207 3268 erat.

334 3301 463 3359 XC.
494 3297 709 3353 lomus
730 3301 961 3370 consul,
995 3301 1258 3359 omnibus
1297 3304 1637 3380 exploratis,
1662 3306 1862 3375 credo,
1890 3305 1975 3363 dis
2001 3302 2126 3362 fre-⁴

261 3395 351 3445 tut
385 3412 401 3460 ς
441 3404 574 3450 uam
600 3389 804 3443 contra
843 3396 1024 3454 tantas
1067 3392 1431 3454 difficultates
1472 3398 1716 3457 consilio
1760 3398 1896 3456 satis
1925 3392 2106 3474 prori-¹

2117 3237 2124 3244 .
