2259 3875
693 274 1013 337 SAnLvs‘ru
1042 275 1077 334 J
1084 289 1387 337 usuam&
1701 285 1710 291 “
1885 267 2014 338 105'

128 432 320 507 solet3
363 433 445 508 ita
486 440 802 513 prospectu
828 434 1128 511 impedito,
1176 420 1428 493 ‘morari'
1463 432 1596 492 iter.
1682 429 1992 509 Postquam
2037 504 2050 510 ⁸

109 526 485 605 Cyrenenses
540 527 829 605 aliquanto
880 528 1246 606 posteriores
1288 546 1353 588 se
1384 527 1599 596 vident,
1651 534 1710 584 et
1731 526 1836 585 ²ob
1865 545 1992 585 rem

110 618 448 695 corruptam
476 620 628 700 domi
661 637 879 696 poenas
917 629 1223 692 metuunt3
1266 619 1582 689 criminari,
1625 619 1984 694 Carthagini-

108 731 287 771 enses
315 720 446 773 ante
471 720 699 790 tempus
730 714 901 777 domo
930 715 1243 790 digressos,
1288 715 1642 774 conturbare
1671 733 1797 773 rem
1826 736 1840 771 e
1884 713 1986 775 de·

108 804 287 882 nique
306 805 496 863 omnia
522 807 714 876 malle,
750 825 922 883 quam
958 808 1096 866 victi
1124 807 1309 865 abire.
1357 808 1469 865 Sed
1500 826 1633 865 cum
1649 807 1856 865 ³Poeni
1883 806 1984 865 ali-

111 915 197 956 am
224 898 635 966 conditionem,
665 900 1057 959 tantummodo
1098 918 1368 976 aequam,
1415 907 1708 975 peterent,
1749 900 1990 958 ⁴Graeci

107 988 424 1065 ’optionem
452 989 1024 1065 Carthaginiensium
1063 989 1299 1060 faciunt,
1345 999 1386 1027 ‘⁶
1408 993 1526 1050 “vel
1559 991 1663 1060 illi,
1689 1009 1831 1067 quos
1857 991 1988 1053 finis

111 1080 333 1158 populo
376 1101 482 1140 suo
524 1091 824 1158 peterent,
853 1083 932 1140 ibi
988 1082 1109 1140 vivi
1159 1085 1594 1155 obruerentur3
1640 1084 1735 1142 vel
1780 1085 1985 1143 eadem

114 1173 440 1233 conditione
483 1193 640 1243 sese,
692 1194 866 1252 quem
909 1175 967 1232 in
1006 1175 1200 1233 locum
1246 1177 1483 1243 vellent,
1536 1178 1983 1254 processuros.”

114 1264 401 1339 Philaeni,
431 1267 764 1327 conditione
794 1268 1054 1347 probata,
1084 1286 1269 1344 seque
1302 1273 1591 1349 vitamque
1623 1270 1982 1345 reipublicae

116 1359 560 1418 condonavere:
594 1361 672 1418 ita
694 1360 813 1421 vivi
836 1363 1045 1421 obruti.
1135 1362 1641 1436 Carthaginienses
1666 1364 1723 1421 in
1752 1381 1823 1420 eo
1852 1364 1983 1420 loco

118 1451 407 1511 Philaenis
436 1451 711 1511 fratribus
749 1473 877 1513 aras
905 1472 1375 1522 consecravere3
1419 1455 1632 1529 aliique
1680 1454 1792 1511 illis
1820 1453 1974 1510 domi

116 1544 368 1604 honores
397 1546 658 1605 instituti.
743 1543 915 1605 Nunc
938 1546 1008 1604 ad
1038 1564 1166 1604 rem
1189 1546 1388 1603 redeo.
1861 1564 1868 1567 ¹

191 1636 437 1696 LXXX.
478 1638 801 1698 JUGURTRA
831 1646 1155 1717 postquam,
1188 1636 1392 1695 amissa
1422 1635 1629 1702 Thala,
1658 1634 1802 1691 nihil
1846 1634 1982 1693 satis

62 1796 65 1799 ,
117 1729 342 1791 firmum
381 1741 585 1791 contra
636 1726 943 1791 Metellum
990 1737 1175 1808 putat,
1220 1746 1330 1805 per
1371 1746 1600 1802 magnas
1648 1726 1987 1786 solitudines

119 1839 247 1881 cum
274 1824 474 1898 paucis
499 1823 818 1900 profectus,
848 1823 1121 1901 pervenit
1148 1822 1218 1880 ad
1244 1820 1552 1883 Gaetulos,
1592 1838 1774 1905 genus
1806 1818 1988 1878 bomi-

116 1933 252 1976 num
279 1915 468 1976 ferum
495 1918 918 1994 incultumque,
947 1926 1010 1979 et
1036 1921 1115 1975 eo'
1139 1924 1407 1992 tempore
1453 1914 1713 1998 ignarum
1741 1911 1985 1972 nominis

118 2006 382 2068 Romani.
466 2009 686 2069 Eorum
713 2012 1137 2070 multitudinem
1180 2010 1241 2066 in
1271 2027 1449 2065 unum
1475 2008 1666 2083 cogit:
1714 2025 1782 2065 ac
1823 2006 1983 2083 paul·

117 2099 275 2159 latim
298 2102 653 2162 consuefacit
672 2103 931 2161 “ordines
963 2102 1206 2168 habere,
1254 2098 1413 2173 signa
1459 2100 1649 2172 sequi,
1677 2099 1989 2171 imperium

118 2193 458 2266 observare,
498 2196 641 2253 item
680 2195 793 2254 alia
838 2193 1106 2254 militaria
1161 2192 1382 2251 facere.
1468 2188 1789 2245 Praeterea
1831 2187 2002 2260 regis·

115 2284 337 2345 Bocchi
361 2306 675 2363 proxumos
700 2291 915 2361 magnis
942 2285 1301 2351 muneribus,
1325 2292 1386 2341 et
1405 2279 1719 2356 majoribus
1744 2278 1986 2351 promis·

119 2377 193 2435 sis
214 2377 307 2434 ⁸ad
335 2377 585 2436 studium
612 2378 700 2435 sui
729 2377 1036 2451 perducit3
1083 2377 1212 2449 quis
1253 2372 1610 2448 adjutoribus
1659 2385 1860 2441 regem
1887 2366 1986 2423 ad-

115 2485 373 2544 ἔτρεψε,
404 2468 677 2544 impellit;
694 2470 776 2527 uti
805 2470 1111 2526 advorsum
1135 2467 1424 2523 Romanos
1446 2464 1665 2521 bellum
1692 2460 1985 2537 suscipiat.

117 2560 205 2620 ⁹1d
226 2579 298 2619 ea
322 2561 505 2637 gratia
526 2558 750 2617 facilius
781 2559 1137 2636 proniusque
1165 2558 1295 2626 fuit,
1326 2558 1481 2633 quod
1524 2543 1786 2614 Bocchus
1826 2553 1986 2614 initio

115 2654 367 2730 hujusce
419 2653 555 2710 belli
610 2653 829 2728 legatos
885 2653 1126 2711 Romam
1175 2652 1431 2717 miserat,
1476 2650 1680 2710 foedus
1736 2657 1797 2708 et
1849 2650 1991 2708 ami-

117 2751 314 2814 citiam
368 2749 649 2825 petitum
714 2770 913 2827 quam
943 2768 1067 2808 rem
1134 2748 1695 2826 opportunissumam
1753 2750 1986 2819 incepto

122 2843 275 2902 bello
305 2842 475 2922 pauci
498 2843 949 2920 impediverant,
998 2845 1160 2902 caeci
1191 2842 1450 2912 avaritia,
1482 2845 1609 2920 quis
1659 2839 1848 2898 omnia
1883 2834 1987 2891 ho·

56 2933 61 2938 ’
121 2945 284 2994 nesta
306 2946 480 3014 atque
508 2937 812 2997 inhonesta
838 2937 1095 2996 vendere
1114 2955 1238 2996 mos
1261 2945 1405 2995 erat.
1492 2936 1677 2992 Etiam
1694 2937 1862 2987 antea
1880 2925 1917 2981 J
1923 2945 1985 2985 u-

124 3029 364 3102 gurthae
393 3029 514 3089 filia
537 3032 800 3092 ¹⁰Bocchi
822 3038 1124 3110 nupserat.
1233 3028 1456 3089 Verum
1484 3047 1553 3088 ea
1576 3021 1986 3081 ¹¹necessitudo

127 3124 274 3198 apud
326 3124 607 3184 Numidas
646 3125 1005 3202 Maurosque
1052 3125 1200 3183 levis
1250 3119 1515 3181 dudl'tur:
1563 3117 1716 3194 quod
1756 3117 1988 3192 singuli,

125 3233 232 3292 pro
261 3222 468 3296 opibus
490 3222 768 3297 quisque,
787 3239 959 3296 quam
986 3221 1262 3296 plurimas
1287 3233 1522 3282 uxores,
1551 3213 1726 3288 denas
1754 3213 1871 3278 alii,
1894 3207 1988 3265 alii

124 3311 323 3384 plures
352 3313 566 3372 habent
593 3333 609 3382 ς
650 3313 754 3370 sed
784 3330 952 3388 reges
977 3313 1094 3371 ²⁸eo
1117 3310 1378 3388 amplius.
1451 3307 1534 3365 Ita
1553 3308 1813 3364 ¹³animus
1841 3299 1989 3360 mul·

128 3401 367 3462 titudine
415 3403 795 3478 distrahitur3
835 3404 1036 3463 ”nulla
1082 3422 1191 3482 pro
1243 3401 1401 3461 socia
1453 3401 1720 3461 obtinet:
1765 3389 1989 3490 γει-ἥξει·

134 3509 330 3558 omnes
352 3497 500 3558 viles
529 3504 679 3557 sunt.
