2259 3875
320 302 392 359 56
474 325 505 356 a·
873 294 1187 357 SALLUSTH
1214 295 1251 354 J
1256 315 1560 358 nonna-m.

311 472 575 515 maxumo
603 452 732 513 usui
749 472 879 514 esse
898 457 1116 532 populo
1134 456 1392 516 Romano
1420 478 1433 514 ε
1479 474 1585 514 vos
1609 453 1750 513 mihi
1770 452 2162 532 33(τοςιιειιοιιιιιι

310 566 414 606 vos
442 548 499 604 in
527 546 798 606 adfinium
827 549 1020 607 locum
1047 549 1328 607 ducerem
1361 572 1375 607 :
1421 549 1469 606 si
1492 567 1562 607 ea
1583 546 1874 618 fecissem,
1903 548 1962 606 in
1990 556 2163 607 vestra

313 637 561 708 amicitia
603 640 950 710 exercitum,
999 640 1251 710 divitias,
1298 640 1651 700 munimenta
1708 641 1873 716 regni
1899 628 2159 697 “habere-

307 731 472 802 Quae
494 750 626 788 cum
658 734 1006 809 [praecepta
1051 735 1310 808 parentis
1357 735 1501 810 mei]
1533 734 1836 809 agitarem,
1882 730 2160 807 Jugurtha,

305 822 480 881 homo
504 842 758 881 omnium
770 843 915 899 quos
933 832 1092 882 terra
1114 825 1383 893 sustinet,
1406 827 1909 891 sceleratissimus,
1930 830 2160 881 contem-

301 924 359 977 to
388 918 637 994 imperio
660 925 881 984 vestro,
901 916 1240 975 Masinissae
1260 936 1354 975 me
1375 927 1672 994 nepotem,
1695 918 1839 976 ³⁵et
1814 935 1935 995 Jam
1967 918 2040 975 ab
2056 914 2160 976 stir-

301 1030 378 1087 pe
406 1012 628 1069 socium
657 1019 717 1069 et
747 999 992 1071 amicum
1007 1009 1273 1086 ³¹'populo
1305 1009 1587 1081 Romano,
1612 1029 1793 1086 regno
1822 1008 2160 1084 fortunisque

303 1104 564 1160 omnibus
593 1104 838 1179 expulit.
927 1106 1113 1178 Atque
1144 1121 1275 1177 ego,
1307 1103 1511 1160 Patres
1540 1103 1880 1177 conscripti,
1910 1101 2161 1179 quoniam

303 1212 375 1251 eo
419 1195 781 1253 miseriarum
820 1203 1110 1254 -venturus
1154 1214 1335 1262 eram,
1386 1196 1621 1268 vellem,
1668 1194 1857 1269 potius
1911 1196 1989 1249 ob
2027 1212 2162 1264 mea,

302 1302 472 1362 quam
498 1288 571 1361 ob
623 1286 903 1362 majorum
954 1286 1238 1345 beneficia
1288 1305 1458 1361 posse
1506 1285 1780 1344 auxilium
1822 1293 2075 1362 petere;
2115 1301 2165 1343 ac

302 1396 570 1437 maxume
599 1379 803 1437 deberi
829 1380 1012 1438 3⁷mihi
1042 1400 1072 1438 a
1101 1380 1318 1455 populo
1353 1379 1633 1449 Romano,
1663 1379 1873 1455 quibus
1900 1397 2019 1437 non
2048 1394 2164 1456 ege·

299 1490 424 1530 rem
453 1494 467 1544 ;
510 1473 868 1536 ”secundum
897 1491 986 1542 ea,
1011 1473 1056 1530 si
1081 1472 1468 1530 desideranda
1489 1481 1677 1542 erant,
1702 1472 1784 1529 uti
1815 1471 2027 1530 debitis
2057 1478 2162 1530 ute·

298 1584 420 1625 rer.
507 1566 646 1637 Sed,
675 1566 945 1642 quoniam
971 1584 1175 1641 parum
1196 1573 1315 1634 tuta
1342 1585 1454 1641 per
1482 1585 1548 1623 se
1578 1566 1703 1642 ipsa
1732 1565 2013 1642 probitaS‚
2042 1565 2163 1621 3300·

299 1679 413 1737 que
443 1660 581 1717 mihi
613 1661 667 1717 in
697 1678 864 1717 manu
899 1658 1029 1728 suit,
1057 1658 1345 1734 Jugurtha
1368 1658 1552 1735 qualis
1579 1658 1732 1717 foret
1759 1681 1775 1731 ;
1818 1658 1887 1716 ad
1919 1676 2022 1715 vos
2045 1675 2162 1715 con·

294 1752 437 1828 fugi,
469 1754 676 1810 Patres
707 1753 1045 1827 conscripti,
1081 1753 1311 1829 quibuS,
1351 1756 1506 1830 quod
1535 1755 1959 1819 miserrumum,
2006 1765 2166 1840 cogor

298 1844 458 1918 prius
488 1844 685 1910 oneri,
709 1862 881 1918 quam
909 1843 1038 1899 usui
1068 1862 1218 1903 esse.
1307 1846 1511 1908 Ceteri
1531 1867 1729 1923 reges,
1743 1854 1854 1914 ,aut
1879 1844 2039 1903 bello
2065 1844 2163 1920 vig·

296 1935 336 1993 ti
365 1935 423 1992 in
453 1927 760 1993 amicitiam
790 1956 822 1992 a
853 1936 1012 1993 vobis
1043 1942 1293 2017 recepti,
1324 1949 1423 1998 aut
1449 1942 1504 1996 in
1535 1940 1651 1996 suis
1671 1937 1856 1995 dubiis
1878 1939 2060 1997 rebus
2085 1954 2163 1997 se-

298 2028 567 2087 cietatem
598 2036 848 2088 vestram
877 2030 1331 2106 adpetiverunt:
1379 2030 1590 2087 familia
1619 2036 1810 2086 nostra
1831 2045 1965 2089 cum
1964 2046 2165 2207 &aa

296 2123 352 2179 lo
382 2122 643 2180 Romano
678 2124 831 2181 bello
863 2124 1329 2200 Carthaginiensi
1356 2121 1661 2178 amicitiam
1691 2121 1979 2194 instituit;

295 2225 563 2293 tempore
613 2218 790 2294 magis
840 2219 983 2278 fides
1033 2220 1184 2295 ejus,
1234 2232 1401 2289 quam
1449 2211 1681 2271 sustuna
1727 2215 1980 2289 petenda
2029 2220 2166 2305 ει·9(

294 2315 554 2386 Quorum
577 2318 917 2391 progeniem
950 2334 1072 2387 voe,
1098 2308 1299 2368 Patres
1321 2311 1661 2387 conscripti,
1682 2313 1860 2371 nolite
1883 2313 2002 2388 pati
2026 2313 2166 2381 frus·

292 2416 378 2467 tra
408 2430 440 2467 a
468 2407 634 2468 vobis
658 2412 939 2469 auxilium
956 2412 1183 2483 petere.
1230 2404 1289 2461 Si
1314 2405 1380 2462 ad
1402 2405 1823 2482 impetrandum
1842 2406 2006 2463 nihil
2002 2426 2165 2481 stcaqs

290 2520 389 2559 sae
418 2501 720 2573 haberem,
750 2509 986 2578 praeter
1013 2497 1394 2557 misen-ansam
1424 2498 1750 2560 fortunam·
1737 2523 1750 2573 3
1797 2500 1949 2575 quod
1980 2500 2166 2576 paulin

291 2600 422 2651 ante
451 2611 580 2663 rex,
609 2614 856 2669 genere,
889 2591 1033 2648 sama
1062 2598 1240 2666 atque
1287 2594 1473 2669 copiis
1506 2602 1733 2669 potens
1758 2611 1907 2650 nunc
1938 2591 2164 2655 fidefuit·

289 2697 471 2747 matus
501 2690 817 2756 aerumnis»,
846 2688 1036 2760 inops,
1062 2685 1279 2743 atienas
1311 2704 1452 2761 opes
1477 2696 1800 2762 exspect03
1833 2696 2025 2747 mmen
2047 2692 2170 2761 erat

286 2781 594 2858 majestatis
608 2780 846 2837 Romani
864 2773 1088 2854 popuii,
1102 2776 1423 2851 prohibere
1441 2777 1966 2854 injuriam,⁴2neque
1982 2781 2170 2871 cujtg-

290 2896 459 2953 quam
478 2894 720 2952 regnum
744 2892 853 2949 per
871 2874 1064 2930 scelus
1083 2880 1403 2931 cresceret.
1479 2872 1700 2931 Verum
1722 2892 1832 2948 ego
1851 2876 2168 2945 hlefi-aibas

292 2972 512 3046 ejectus
529 2990 678 3039 sum,
703 2988 846 3046 quos
878 2968 1200 3044 majoribus·
1215 2969 1360 3025 meis
1388 2970 1638 3044 populus
1668 2956 2164 3043 Romnn’usdeditg

287 3071 441 3128 unde
456 3080 620 3145 pater
637 3077 695 3128 et
707 3087 848 3128 avus
862 3086 971 3126 una
984 3064 1283 3133 vobiscum
1301 3068 1588 3144 expulere
1607 3068 1935 3146 Syphacem
1949 3080 2010 3129 et
2026 3068 2166 3126 Care

288 3159 696 3237 thaginienses.
804 3158 1017 3219 Vestra
1049 3156 1338 3217 beneficia
1366 3169 1572 3236 erepta
1598 3166 1751 3229 sunt,
1802 3160 2002 3243 Patres
2031 3176 2166 3219 con·

288 3256 528 3331 scriptiz
554 3253 777 3313 ⁴¹³vosin
806 3272 935 3314 mea
964 3255 1172 3332 injuria
1191 3255 1453 3332 despecti
1480 3257 1640 3315 estis.
1688 3256 1855 3319 Eheu
1879 3271 1972 3311 me
1996 3255 2165 3317 mise

291 3353 449 3403 rum!
474 3344 768 3410 flumine,
797 3343 875 3398 M
866 3366 1043 3423 teipsa
1060 3356 1248 3421 pater,
1271 3350 1552 3409 beneficia
1576 3368 1714 3408 evas
1865 3349 1972 3417 uti,
1991 3363 2168 3429 quem

293 3439 351 3498 tu
374 3451 572 3510 parem
587 3432 954 3505 cumliberiS,
971 3438 1256 3511 regnique
1272 3440 1614 3517 participem
1619 3362 1972 3509 fecffi‘is
1917 3440 2164 3521 potissuff

2061 3611 2243 3826 „A
