2259 3875
201 1620 209 1627 ’
294 1606 458 1680 gibus
489 1610 727 1668 exilium
770 1611 1043 1670 damnatis
1081 1612 1450 1689 permissum.
1541 1611 1704 1670 Hanc
1751 1630 1859 1687 ego
1885 1627 2163 1677 caussam,

300 262 377 317 34
911 252 1229 315 Santusrn
1255 253 1572 319 Gummi.

292 412 496 482 nostri,
554 409 757 473 Patres
799 411 1138 490 conscripti,
1185 431 1382 490 neque
1432 414 1679 485 consilii,
1721 421 1923 493 'neque
1986 410 2143 473 auda>

292 503 416 563 ciae
470 522 738 581 umquam
784 524 1050 582 eguere:
1136 523 1329 583 neque
1388 509 1665 583 superbia
1718 509 1995 577 obstabat,
2045 521 2144 582 quo
2173 569 2186 588 .

300 596 486 655 minus
553 597 738 656 aliena
799 598 1076 666 instituta,
1135 601 1184 657 si
1254 600 1421 657 modo
1502 600 1706 676 proba,
1780 600 2145 659 imitarentur.
2189 627 2190 630 κ

294 689 468 747 Arma
545 696 719 766 atque
786 690 905 749 tela
972 691 1239 751 militaria
1297 691 1367 750 ab
1433 691 1849 760 ”Samnitibum
1925 685 2190 768 insignia

302 781 737 856 magistratuum
777 783 850 841 ab
884 782 1145 842 “Tuscis
1187 786 1467 861 pleraque
1510 789 1879 842 sumserunt:
1938 773 2190 858 postte-³.-

293 893 408 945 mo,
440 874 603 952 quod!
620 876 838 957 ubique
868 877 1021 953 apud
1050 876 1258 940 socios.
1283 889 1378 936 aut
1408 877 1587 936 hostis
1626 877 1901 935 idoneum
1928 875 2147 942 videba·
2173 949 2176 954 f

292 973 411 1039 tur,
460 985 593 1025 cum
640 981 861 1027 summo
903 970 1093 1029 studio
1139 969 1294 1032 domi
1344 971 1809 1047 exsequebantur
1854 990 1868 1026 z
1926 962 2149 1050 imitari,

295 1076 464 1132 quam
487 1057 751 1120 invidere
779 1061 943 1120 bonis
967 1063 1275 1122 malebant.
1368 1063 1503 1131 Sed,
1521 1064 1727 1121 eodem
1756 1062 1853 1120 illo
1876 1068 2153 1136 tempore,

295 1147 582 1207 Graeciae
611 1169 832 1211 morem
860 1153 1079 1223 imitati,
1120 1156 1466 1213 verberibus
1492 1153 2069 1210 ”animadvertebant
2109 1150 2158 1207 in
2189 1193 2190 1202 ¹

293 1238 460 1307 civiS‚
515 1240 588 1298 de
644 1245 1036 1303 condemnatis
1091 1262 1376 1301 summum
1427 1242 1773 1317 supplicium
1838 1243 2157 1299 sumebant·

295 1327 602 1408 Postquam
624 1335 953 1410 respublica
980 1335 1250 1400 adolevit,
1287 1342 1346 1392 et
1373 1333 1734 1393 multitudine
1762 1332 1976 1391 civium
2007 1330 2158 1391 sacti·

296 1441 437 1480 ones
482 1425 744 1497 valuere,
774 1426 1183 1486 circumveniri
1227 1428 1586 1493 innocentes,
1610 1427 1720 1484 alia
1760 1422 2159 1503 hujuscemodi

296 1512 425 1573 fieri
448 1534 705 1593 coepere
741 1543 754 1589 ς
798 1519 1035 1576 tumlex
1055 1517 1258 1576 Porcia
1281 1518 1543 1595 aliaeque
1575 1525 1829 1594 paratae,
1849 1519 2063 1593 quibus
2082 1517 2160 1575 le·

297 1695 499 1757 Patres
525 1705 858 1778 conscripti,
886 1704 1044 1780 “mque
1072 1706 1255 1763 minus
1286 1722 1496 1763 novum
1524 1705 1827 1762 consilium
1854 1702 2165 1778 capiamus,

298 1790 353 1846 in
387 1792 583 1864 primis
613 1813 866 1867 magnam
899 1805 1055 1868 puto.
1139 1794 1460 1854 ⁷¹Profecto
1489 1795 1671 1855 virtus
1698 1805 1870 1873 atque.
1890 1792 2169 1869 sapientia

299 1880 482 1954 major
521 1882 578 1939 in
608 1882 719 1939 illis
747 1883 873 1947 fuit,
906 1887 1003 1958 qui
1046 1903 1118 1941 ex
1164 1889 1353 1959 parvis
1384 1886 1591 1961 opibus
1619 1895 1834 1945 tantum
1861 1883 2173 1960 imperium

297 1971 520 2041 secere,
549 1991 718 2049 quam
746 1975 801 2032 in
831 1977 990 2033 nobis
1012 2020 1025 2045 ,
1063 1979 1163 2053 qui
1192 1995 1262 2035 ea
1291 1978 1476 2036 ²2bene
1515 1990 1674 2053 parta
1706 1982 1800 2036 vix
1829 1977 2170 2045 retinemus.

299 2062 499 2121 Placet
537 2065 733 2140 igitur,
766 2085 867 2124 eos
895 2068 1121 2136 dimitti,
1154 2074 1210 2128 et
1240 2072 1437 2145 augeri
1468 2070 1790 2149 exercitum
1831 2065 2175 2127 Catilinae?

298 2174 550 2218 mmnme
585 2181 600 2217 t
626 2159 728 2217 sed
755 2166 827 2219 uta
850 2179 1062 2220 censeo
1087 2183 1101 2231 3
1135 2163 1501 2239 publicandas
1531 2178 1731 2218 eorum
1757 2161 2056 2233 pecunias,
2089 2162 2175 2236 ip·

300 2272 393 2312 sos
436 2253 494 2311 in
526 2255 770 2315 vinculis
797 2256 1084 2313 habendos
1122 2275 1231 2331 per
1258 2254 1560 2328 municipia
1580 2271 1727 2328 quae
1751 2271 2016 2311 maxume
2047 2254 2178 2329 opi-

297 2346 405 2406 bus
426 2349 620 2407 valent
648 2371 662 2420 ;
690 2349 844 2407 ⁷³neu
861 2349 986 2426 quis
1004 2351 1074 2407 de
1099 2350 1148 2404 ῖς
1175 2357 1373 2424 postea
1388 2347 1453 2406 ad
1484 2354 1742 2404 senatum
1759 2344 2001 2416 referat,
2019 2363 2178 2404 neve

272 2434 428 2501 'cum
461 2444 679 2520 populo
708 2453 831 2521 agat
858 2465 872 2508 ς
918 2443 1017 2520 qui
1046 2443 1215 2502 aliter
1243 2441 1473 2511 fecerit,
1502 2447 1764 2499 senatum
1792 2441 2176 2511 existumare,

302 2551 435 2591 eum
463 2545 664 2593 contra
686 2537 1103 2611 rempublicam
1120 2545 1179 2594 et
1202 2536 1444 2595 salutem
1466 2536 1715 2594 omnium
1742 2534 2094 2594 facturum.'’

380 2622 509 2680 Lll.
554 2625 870 2689 pomum
900 2625 1118 2683 Caesar
1146 2630 1373 2684 dicendi
1403 2629 1573 2685 finem
1603 2628 1761 2692 fecit,
1792 2627 2018 2685 ⁷⁴ceteri
2042 2646 2180 2685 ver-

306 2717 405 2788 bu,
429 2716 574 2773 alius
588 2717 709 2788 alii,
728 2719 887 2774 varie
902 2720 1402 2779 adsentiebantur:
1429 2727 1489 2777 at
1510 2719 1631 2774 ἺςΜ.
1655 2720 1890 2780 Porcius
1905 2722 2049 2783 Cato
2085 2739 2186 2782 το·

303 2819 466 2886 gatus
487 2809 853 2881 sententiam,
883 2811 1280 2887 hujuscemodi
1302 2815 1619 2870 orationem
1642 2813 1858 2869 habuit.
1917 2826 1956 2851 ‘⁴
1978 2818 2186 2892 Longe

307 2904 447 2962 mihi
472 2902 623 2961 walia
650 2920 809 2961 mens
839 2912 949 2975 est,
980 2903 1184 2965 Patres
1212 2903 1545 2977 conscripti,
1574 2920 1704 2959 cum
1735 2919 1826 2958 res
1855 2910 2040 2979 atque
2073 2925 2189 2981 pe.

206 3060 233 3079 b
307 2997 492 3052 ricula
541 3003 736 3054 nostra
777 2999 1110 3064 considero,
1152 3004 1211 3053 et
1235 3013 1366 3053 cum
1409 2994 1720 3051 sententias
1769 2997 2190 3069 nonnullorum

308 3103 533 3149 mecum
558 3089 687 3165 ipse
706 3102 933 3171 reputo.
1023 3093 1106 3151 llli
1140 3090 1276 3146 mihi
1298 3089 1410 3145 dis
1401 3092 1640 3148 eruisse
1658 3089 1934 3150 videntur
1955 3088 2033 3165 de
2058 3112 2187 3168 poe·

314 3205 382 3242 na
424 3192 650 3257 corum,
681 3190 778 3264 qni
818 3189 1060 3266 patriae,
1091 3184 1453 3261 parentibus,
1482 3184 1639 3242 ⁷⁷aris
1669 3193 1842 3263 atque
1867 3186 2007 3245 focis
2035 3184 2212 3283 suis*

312 3277 533 3338 bellum
551 3296 875 3401 paravere:
902 3298 998 3342 res
1017 3283 1209 3341 autem
1226 3287 1443 3353 monet,
1462 3298 1679 3361 cavere
1699 3282 1771 3342 ab
1787 3276 1982 3350 illis,⁷³
1984 3294 2190 3357 quam
