2259 3875
633 295 947 354 Samen-11
975 297 1323 355 Juounrm.
1840 299 1904 352 71

72 448 325 519 mnibus,
367 448 599 507 immani
637 448 898 522 avaritia,
926 450 1380 518 nocentissumi,
1417 446 1686 524 idemque
1710 468 1913 530 super-

70 540 320 614 bissum13
367 542 497 617 quis
544 539 710 611 fides,
739 543 940 611 decus,
971 546 1177 619 pietas,
1210 553 1507 620 postremo
1559 541 1798 601 honesta
1823 554 1910 603 at·

75 650 160 707 qus
178 635 492 693 inhonesta
519 635 709 692 omnia
754 637 1021 711 quaestui
1059 643 1216 695 sunt.
1308 635 1444 693 Pars
1489 651 1697 691 eorum
1721 634 1911 694 ³⁶occi·

77 725 198 788 disse
224 730 491 786 tribunos
538 729 753 804 plebis,
782 728 880 787 alii
921 731 1291 807 quaestiones
1341 730 1603 805 injustas,
1648 727 1919 803 plerique

77 824 289 881 caedem
313 824 371 880 in
392 840 496 880 vos
524 819 759 887 fecisse,
792 843 900 900 pro
930 825 1298 883 munimento
1325 826 1558 882 habent.
1646 824 1729 879 lta
1759 838 1930 897 quam

79 916 637 992 quisque,³⁷pessume
682 915 846 986 fecit,
877 926 990 976 tam
1038 936 1309 978 maxume
1351 926 1506 976 tutus
1539 923 1668 974 est:
1712 924 1928 977 metum

78 1009 343 1066 ascelere
369 1026 471 1065 suo
499 1008 568 1065 ad
594 1008 878 1083 ignaviam
904 1019 1156 1069 vestram
1182 1011 1534 1069 transtulere
1564 1031 1581 1079 3
1627 1025 1772 1083 quos
1803 1026 1922 1064 om·

76 1096 148 1155 nis
174 1097 378 1156 eadem
402 1116 642 1174 cupere,
672 1102 876 1160 eadem
899 1101 1112 1169 odisse,
1134 1102 1339 1159 eadem
1369 1109 1636 1158 metuere
1660 1101 1717 1157 in
1752 1118 1929 1158 unum

78 1190 425 1265 megin-sed
477 1191 620 1253 haec
675 1200 828 1252 mter
881 1195 1064 1252 bonos
1116 1193 1364 1253 amicitia
1421 1199 1530 1260 est,
1580 1192 1774 1250 ”inter
1814 1210 1928 1250 ma-

80 1280 151 1351 los
197 1281 388 1347 fictio.
487 1284 661 1354 Quod
723 1286 772 1342 si
838 1285 1001 1344 ³⁴³tam·
1058 1285 1344 1344 libertatis
1414 1303 1613 1343 curam
1681 1286 1930 1343 habere-

88 1369 164 1443 tis,
207 1388 374 1449 quam
411 1373 495 1433 illi
549 1377 618 1434 ad
669 1378 1110 1441 dominationem
1166 1379 1397 1438 accensi
1455 1385 1635 1448 sunt3
1703 1377 1930 1454 prosec-

90 1470 137 1521 to
170 1484 363 1543 neque
408 1486 505 1526 res
552 1470 805 1544 publica,
854 1473 1024 1531 sicuti
1067 1491 1242 1541 nunc,
1286 1478 1636 1545 vastaretur,
1685 1478 1745 1529 et
1790 1471 1931 1529 “Woe-

16 1586 21 1635 ξ
86 1557 264 1618 aeficia
311 1567 510 1618 vestra
562 1580 748 1637 penes
819 1572 1111 1640 optumos,
1156 1583 1271 1621 non
1340 1563 1786 1631 audacissumos,
1852 1561 1940 1619 fo-·

16 1646 19 1655 '
89 1663 212 1715 rent.
315 1654 575 1737 Majpores
604 1657 807 1727 vestri,
852 1658 1133 1733 ⁴¹parandi
1166 1659 1319 1734 juris
1356 1665 1416 1717 et
1455 1644 1767 1734 majestatis
1802 1674 1934 1714 con-

16 1730 19 1745 ³
94 1746 394 1808 stituentlae
442 1749 649 1823 gratia,
675 1750 786 1816 bis,
827 1767 938 1824 per
965 1750 1378 1818 secessionem,
1421 1750 1620 1807 armati
1658 1747 1936 1807 ⁴2Aventi-

16 1904 19 1921 s
92 1858 202 1901 num
226 1859 643 1918 occupavere.
691 1859 798 1897 vos
845 1861 952 1918 pro
993 1841 1290 1912 libertate,
1333 1860 1503 1919 quam
1533 1843 1604 1899 ab
1632 1841 1746 1899 illis
1773 1859 1935 1900 acce·

92 1932 248 2007 pistis,
277 1955 391 1993 non
420 1951 641 1993 summa
685 1952 797 2012 ope
825 1935 1127 1996 nitemini?
1170 1946 1342 2026 atque
1386 1954 1459 1994 eo
1507 1934 1934 2002 vehementiuS,

94 2024 265 2102 ⁴⁴³quod
293 2029 473 2106 majus
501 2028 754 2087 dedecus
802 2038 911 2093 est,
942 2039 1107 2106 parta
1159 2029 1447 2097 amittere,
1489 2047 1660 2104 quam
1707 2029 1937 2085 omnino

20 2113 21 2116 ’
92 2134 183 2176 non
208 2120 545 2195 paravisse?
589 2121 762 2179 Dicet
789 2123 1015 2200 aliquis,
1036 2121 1193 2191 Quid
1213 2122 1387 2195 igitur
1414 2119 1667 2176 censes?
1693 2117 1936 2175 ⁴⁴Vindi

92 2214 310 2273 candum
358 2216 415 2274 in
461 2233 586 2284 eos,
615 2214 713 2289 qui
758 2213 904 2272 hosti
954 2213 1271 2290 prodidere
1319 2209 1777 2285 rempublicam:
1824 2227 1940 2264 non

95 2319 265 2368 manu.
290 2326 483 2383 neque
511 2309 592 2374 vi,
620 2306 815 2381 ⁴⁵quod
857 2306 1032 2380 magis
1061 2302 1298 2371 secisse,
1328 2321 1498 2379 quam
1524 2302 1637 2359 illis
1661 2299 1936 2357 accidisse

92 2393 404 2470 indignum3
446 2414 655 2452 verum
704 2396 1138 2469 quaestionibus
1186 2402 1247 2450 et
1287 2393 1497 2449 indicio
1526 2391 1705 2464 ipsius
1732 2390 1943 2462 Jugur·

28 2521 33 2540 .
94 2485 205 2545 tbae
237 2509 251 2544 ε
298 2485 476 2562 quisi
505 2484 809 2541 dediticius
838 2493 949 2552 est,
977 2481 1245 2558 profecto
1264 2481 1443 2556 jussis
1484 2480 1694 2538 vestris
1743 2481 1938 2538 obedi·

96 2594 176 2636 ens
205 2579 360 2638 erit:
405 2578 495 2634 sin
544 2595 614 2633 ea
655 2576 993 2646 contemnit,
1031 2573 1734 2644 scilicetexistumabitis,
1782 2593 1926 2651 qua·

95 2667 149 2726 lis
194 2672 294 2729 illa
346 2688 481 2745 pax,
532 2676 629 2726 aut
669 2664 907 2733 deditio,
963 2686 1040 2725 ex
1087 2685 1200 2742 qua
1251 2666 1320 2723 ad
1371 2663 1714 2741 Jugurtham
1755 2670 1942 2727 scele-

98 2777 203 2822 rum
231 2763 561 2837 impunitam,
590 2762 658 2819 ad
698 2778 912 2837 paucos
958 2760 1207 2838 potentis
1251 2776 1548 2817 maxumae
1583 2760 1846 2829 divitiae
1871 2761 1929 2816 in

36 2865 37 2916 J
100 2857 493 2932 rempublicam
541 2855 764 2922 damna,
806 2853 1095 2912 dedecora
1143 2853 1550 2929 pervenerint.
1634 2852 1764 2909 Nisi
1791 2849 1944 2907 forte

36 2949 325 3020 nudum
378 2949 550 3007 etiam
603 2966 707 3007 vos
761 2946 1160 3006 dominationis
1210 2964 1418 3006 eorum
1471 2945 1703 3003 satietas
1763 2947 1945 3014 tenet,

38 3019 41 3050 ³
108 3039 294 3110 ailla,
348 3059 522 3117 quam
567 3041 716 3100 baec
757 3049 1044 3116 tempora,
1096 3041 1277 3116 magis
1334 3039 1587 3115 placent,
1642 3049 1775 3089 cum
1816 3051 1946 3112 reg

107 3143 177 3198 ua,
210 3133 574 3210 provinciae,
618 3135 804 3208 leges,
850 3135 1009 3210 jura,
1050 3133 1296 3210 judicia,
1350 3131 1527 3195 bella,
1568 3141 1766 3200 paces,
1814 3147 1945 3204 pos·

109 3223 266 3285 mmo
293 3223 492 3285 divina
517 3231 577 3283 et
602 3226 851 3284 humana
877 3227 1069 3284 omnia
1115 3243 1300 3301 penes
1349 3236 1562 3296 paucos
1591 3226 1759 3278 erant
1783 3241 1799 3290 ;
1843 3233 1946 3274 vos

109 3321 294 3386 mem,
321 3320 436 3377 hoc
464 3321 575 3382 est,
602 3316 852 3392 populus
882 3315 1200 3385 Romanus,
1227 3310 1426 3374 invicti
1444 3312 1516 3369 ab
1536 3309 1817 3373 hostibus,
1844 3307 1948 3361 im·

109 3415 387 3477 peratores
416 3407 670 3469 omnium
713 3408 990 3484 gentium,
1037 3407 1171 3467 satis
1224 3404 1520 3464 habebatis
1547 3402 1789 3463 animam
1811 3397 1950 3455 reti-
