2259 3875
324 288 401 342 72
462 332 471 353 ,
918 286 1239 346 summm
1265 283 1303 342 J
1306 305 1606 349 uounrm.

156 427 206 477 „1
319 460 467 503 nere
497 467 513 505 ε
558 462 687 504 nam
706 442 1062 502 servitutem
1091 443 1329 525 quidem'
1353 443 1483 521 quis
1508 450 1771 503 vestrum
1797 460 2072 503 recusare
2083 460 2154 501 au·

319 540 491 598 debat
521 538 545 598 ‘Z
585 540 785 614 Atque
814 555 945 611 ego,
974 543 1167 595 tamen
1197 535 1305 595 etsi
1332 536 1461 597 viro
1491 535 2016 613 flagitiosissumum
2039 534 2152 596 exis·

318 639 474 691 tumo
502 629 739 704 impune
791 626 1059 706 injuriam
1099 628 1422 704 accepisse,
1475 642 1668 687 tamen
1718 647 1824 687 vos
1871 627 2153 687 hominibus

314 710 793 785 sceleratissumis
816 722 1147 799 ignoscere,
1180 724 1453 799 quoniam
1480 715 1642 784 cives
1669 732 1827 793 sunt,
1858 742 2043 801 aequo
2066 719 2149 781 ani·

314 840 407 881 mo
437 828 699 898 paterer,
729 818 845 907 nisi,
864 810 1268 877 misericordia
1294 819 1354 878 in
1381 821 1709 896 perniciem
1734 821 1985 879 “casura
2012 822 2148 879 esset.
2231 850 2234 893 4

334 916 485 976 Nam
515 924 577 975 et
614 915 750 985 illis,
776 910 1095 992 “quantum
1122 914 1574 990 importunitatis
1594 914 1833 987 habent,
1862 932 2060 993 parum
2072 917 2150 978 est,
2231 960 2234 977 .

322 1007 559 1084 impune
582 1007 730 1065 male
748 1004 982 1075 secisse,
1004 1007 1114 1064 nisi
1137 1006 1349 1065 deinde
1368 1005 1619 1067 faciundi
1647 1008 1881 1066 licentia
1905 1004 2150 1084 eripitur:
2231 990 2234 1027 ¹

312 1109 373 1160 et
398 1101 565 1160 vobis
594 1108 832 1160 aeterna
878 1101 1209 1160 sollicitudo
1257 1102 1598 1172 remanebit,
1647 1121 1781 1163 cum
1821 1097 2151 1176 intellegetis

205 1268 212 1279 υ
313 1204 411 1256 aut
436 1195 810 1254 serviundum
840 1213 993 1271 esse,
1021 1203 1120 1253 aut
1151 1213 1261 1272 per
1305 1213 1506 1254 manus
1555 1196 1884 1254 libertatem
1932 1197 2152 1254 retinen·

311 1288 473 1363 dam,
545 1283 695 1345 Nam
723 1285 862 1344 fidei
886 1285 1144 1363 quidem,
1175 1293 1272 1344 aut
1298 1283 1644 1343 concordiae
1673 1302 1825 1360 quae
1852 1302 1989 1359 spes
2021 1287 2046 1343 ’ἒ
2081 1283 2154 1341 do·
2233 1280 2234 1295 ¹

308 1382 515 1442 minari
541 1383 626 1441 illi
662 1383 888 1447 volunt,
915 1399 1020 1439 vos
1047 1379 1220 1438 liberi
1249 1397 1379 1439 esse
1408 1402 1424 1452 ς
1469 1378 1666 1438 facere
1684 1379 1769 1437 illi
1791 1379 2053 1456 injurias,
2080 1393 2156 1438 vos

310 1478 631 1556 prohibere
666 1502 680 1537 ε
726 1486 1022 1556 postremo
1049 1477 1223 1537 sociis
1249 1476 1460 1535 vestris
1486 1476 1672 1534 veluti
1700 1476 1983 1545 hostibus,
2010 1471 2155 1535 hosti·

310 1576 418 1633 bus
448 1592 557 1652 pro
586 1575 761 1637 sociis
787 1581 1049 1632 utuntur.
1134 1573 1453 1641 &Potestne
1479 1571 1537 1630 in
1565 1579 1679 1631 tam
1707 1572 1955 1631 divorsis
1982 1567 2154 1631 menti·

307 1667 413 1746 bus
442 1691 575 1747 pax,
605 1679 703 1730 aut
728 1669 976 1730 amicitia
1003 1688 1134 1729 esse
1167 1669 1191 1730 ‘3
1269 1670 1469 1741 Quare
1496 1687 1709 1729 moneo
1737 1670 2077 1746 hortorque,
2100 1679 2155 1723 ne

309 1773 528 1826 tantum
554 1767 746 1825 scelus
766 1766 1111 1841 impunitum
1128 1765 1422 1825 omittatis.
1503 1764 1561 1827 N
1565 1786 1641 1826 on
1659 1765 2004 1844 ⁴‘’peculatus
2022 1777 2154 1822 aera·

307 1860 379 1917 rii
406 1858 590 1916 factus
618 1866 730 1926 est,
761 1876 955 1932 neque
1005 1877 1116 1932 per
1161 1860 1281 1916 vim
1328 1860 1502 1920 sociis
1552 1869 1797 1936 ereptae
1847 1857 2120 1936 pecuniae
2144 1873 2153 1907 τ

307 1968 457 2028 quae
487 1966 832 2023 quamquam
876 1949 1097 2022 gravia,
1129 1956 1320 2008 tamen
1363 1953 1783 2010 consuetudine
1815 1953 1938 2028 jam
1963 1969 2069 2030 pro
2092 1946 2156 2006 ui·

240 2069 244 2073 Α
305 2045 424 2101 fiilo
451 2043 754 2100 hahentur.
843 2042 1014 2101 Hosti
1044 2061 1353 2100 acerrumo
1376 2046 1605 2120 prodita
1631 2048 1816 2104 senati
1844 2046 2155 2106 auctoritas,
2231 2081 2232 2100 ;

308 2138 597 2216 proditum
618 2138 927 2216 imperium
954 2144 1211 2196 vestrum
1246 2160 1263 2194 ι
1306 2139 1458 2198 domi
1474 2139 1832 2219 militiaeque
1854 2137 2160 2219 respublica

304 2235 525 2297 venalis
555 2234 682 2293 fuit.
769 2235 937 2305 Quae
964 2233 1074 2290 nisi
1130 2233 1391 2307 quaesita
1439 2242 1634 2305 erunt,
1661 2237 1721 2293 ni
1746 2236 2096 2297 vindicatum
2116 2233 2159 2289 in

302 2330 528 2396 noxioS,
559 2326 697 2404 quid
729 2325 1044 2401 reliquum,
1071 2323 1180 2382 nisi
1211 2331 1274 2382 ut
1318 2325 1457 2396 illis,
1501 2328 1600 2403 qui
1629 2345 1701 2386 ea
1725 2325 1951 2396 fecere,
1980 2323 2161 2384 obedi·

305 2436 469 2484 entes
497 2421 808 2483 vivamus?
850 2440 979 2480 nam
1027 2423 1268 2499 impune
1311 2441 1464 2501 quae
1510 2422 1655 2482 libet
1694 2418 1915 2494 facere,
1941 2423 1985 2456 ⁵⁰
2008 2421 2065 2481 id
2091 2427 2160 2477 est

303 2534 502 2590 regem
532 2534 683 2573 esse.
771 2512 984 2591 Neque
1015 2515 1149 2590 eg'o,
1180 2513 1467 2586 Quirites,
1510 2515 1740 2585 hortor,
1768 2522 1833 2572 ut
1858 2513 2069 2573 malitis
2094 2507 2158 2566 ci-

302 2612 391 2668 vis
420 2616 646 2667 vestros
668 2625 1006 2684 perperam,
1036 2630 1210 2686 quam
1249 2620 1416 2671 recte
1436 2609 1646 2670 secisse
1680 2633 1698 2684 ;
1740 2611 1846 2672 sed
1864 2629 1962 2680 ne,
1988 2610 2158 2685 ignos-

300 2706 486 2765 cendo
513 2702 698 2771 malis,
727 2704 908 2760 bonos
936 2706 1228 2780 perditum
1255 2708 1423 2765 eatis.
1511 2707 1595 2764 Ad
1626 2707 1761 2777 hoc,
1790 2707 1846 2764 in
1872 2700 2161 2781 republica

300 2801 479 2864 multo
507 2806 765 2877 praestat
791 2799 1061 2858 beneficii
1088 2819 1258 2877 quam
1279 2799 1548 2858 maleficii
1569 2802 1969 2859 immemorem
1993 2812 2119 2860 esse
2145 2812 2156 2847 ε

299 2899 484 2956 bonus
516 2892 906 2953 tantummodo
934 2893 1167 2968 segnior
1192 2891 1278 2958 fit,
1305 2891 1405 2947 ubi
1431 2891 1700 2965 neglegas
1728 2913 1744 2961 3
1774 2899 1832 2949 at
1857 2894 2043 2952 malus
2070 2890 2157 2947 im‘

298 2990 558 3063 probior.
640 2985 770 3044 ⁵¹Ad
799 2986 936 3055 hoc,
961 2985 1011 3041 si
1049 2981 1299 3060 injuriae
1327 2999 1439 3040 non
1467 2981 1600 3053 sint,
1627 2982 1782 3070 ¹¹..ffl1d
1802 2999 1984 3061 saepe
1997 2965 2157 3041 ’ἐωὶῑ-

298 3080 364 3140 lii
391 3085 627 3155 egeas.'’

378 3170 626 3229 xxxu.
658 3174 826 3233 Hac
854 3163 1045 3248 atque
1077 3170 1186 3229 alia
1232 3170 1634 3248 hujuscemodi
1687 3190 1865 3251 saepe
1891 3165 2157 3232 dicundo,

299 3265 608 3329 Memmius
635 3270 851 3342 populo
874 3267 1213 3344 persuadet,
1235 3270 1322 3329 uti
1345 3269 1413 3328 L.
1449 3268 1706 3340 Cassius,
1727 3271 1827 3348 qui
1849 3277 1967 3328 tum
1995 3279 2159 3344 prae·

300 3369 391 3422 tor
419 3366 568 3431 erat,
595 3358 664 3417 ad
686 3357 720 3411 J
726 3364 1029 3435 ugurtham
1057 3364 1411 3438 mitteretur,
1429 3365 1809 3447 &interposita
1834 3364 1949 3424 fide
1971 3356 2156 3445 publi:
