2259 3875
729 290 1045 354 Sanus-ru
1067 289 1408 353 Jueunrm.
1913 294 1985 351 77

127 447 188 510 ad
217 466 421 526 regem
450 471 463 509 ε
496 454 556 509 et
575 450 864 518 “centurio
890 449 1064 528 p'rimi
1092 451 1197 531 pili
1218 449 1431 511 tertiae
1449 446 1711 524 legionis,
1730 462 1844 527 per
1856 471 1982 513 mu·

126 542 418 611 ustionem,
443 560 636 620 quam,
658 543 739 602 uti
762 543 1129 611 defenderet,
1153 547 1486 620 acceperat,
1514 541 1707 599 locum
1727 543 1986 607 hostibus

126 635 449 696 introeundi
472 636 669 696 dedit:
713 652 902 712 eaque
930 635 1222 696 Numidae
1240 636 1435 695 cuncti
1456 634 1753 711 irrupere.
1840 636 1985 698 Nos·

127 729 194 788 tri
220 727 389 789 foeda
415 727 570 806 fuga,
600 728 873 807 plerique
902 729 1140 806 abjectis
1168 729 1366 800 armis,
1406 742 1752 806 proxumum
1780 727 1991 789 collem

128 838 510 899 occupavere.
596 819 733 880 Nox
781 830 957 900 atque
984 814 1204 900 praeda
1240 830 1565 881 castrorum
1606 820 1826 890 hostes,
1851 818 1991 895 ⁵quo

124 915 309 974 minus
335 914 579 975 victoria
604 923 939 986 uterentur,
967 925 1256 975 remorata
1282 924 1435 974 sunt.
1523 913 1676 974 Dein
1703 911 1995 988 Jugurtha

123 1012 362 1082 postero
385 1009 479 1067 die
504 1027 639 1067 curn
663 1009 811 1067 Aulo
840 1009 900 1066 in
927 1009 1226 1085 colloquio
1253 1009 1437 1067 verba
1467 1006 1605 1065 facit
1631 1027 1646 1064 z
1692 1013 1733 1042 “
1762 1004 1993 1065 tametsi

125 1100 316 1175 ipsum
344 1119 470 1160 cum
496 1092 762 1160 exercitu
792 1100 967 1162 fame.
1008 1101 1171 1161 ferro
1208 1103 1468 1160 clausum
1494 1104 1679 1169 tenet,
1705 1105 1896 1158 tamen
1922 1114 1990 1160 se

123 1191 496 1252 humanarum
524 1212 723 1252 rerum
753 1212 1096 1263 memorem,
1116 1195 1166 1252 si
1193 1213 1394 1253 secum
1415 1192 1616 1251 foedus
1636 1190 1880 1263 faceret,
1901 1193 1990 1253 in·

129 1280 364 1343 columis
393 1287 573 1345 omnis
599 1287 729 1344 ⁶sub
740 1286 945 1364 jugum
977 1288 1324 1346 missurum:
1370 1295 1702 1361 praeterea,
1739 1285 1823 1344 uti
1863 1285 1987 1345 die-

124 1376 227 1436 bus
253 1378 460 1437 decem
507 1378 779 1439 Numidia
821 1380 1212 1439 decederet-'⁹
1294 1370 1461 1452 Quae
1490 1397 1833 1455 quamquam
1858 1397 1986 1455 gra·

125 1469 209 1528 via
228 1478 289 1529 et
310 1469 508 1546 flagitii
537 1471 709 1576 plena
736 1481 923 1542 erant,
952 1482 1168 1542 tamen,
1198 1473 1334 1549 quia
1372 1470 1575 1531 mortis
1601 1477 1759 1529 metu
1784 1471 1986 1533 “muta-

124 1561 269 1632 bant,
297 1564 469 1622 sicuti
499 1564 624 1638 regi
646 1566 916 1633 libuerat,
940 1584 1051 1643 pax
1078 1565 1371 1624 convenit.

194 1655 474 1715 XXXIX.
521 1659 667 1726 San,
719 1659 819 1715 ubi
850 1677 921 1715 ea
969 1658 1190 1716 Romae
1233 1665 1535 1733 comperta
1578 1664 1733 1726 sunt,
1780 1648 1990 1716 ⁸metus

126 1755 285 1827 atque
312 1767 552 1809 moeror
579 1750 873 1808 civitatem
914 1749 1224 1808 invasere:
1271 1767 1406 1825 pars
1434 1750 1637 1807 dolere
1668 1767 1776 1826 pro
1800 1748 1987 1825 gloria

125 1841 343 1920 imperii
374 1866 388 1902 z
436 1862 571 1920 pars
604 1843 834 1901 insolita
861 1862 1060 1902 rerum
1083 1843 1427 1902 bellicarum
1456 1843 1663 1901 timere
1692 1842 1941 1901 libertati
1969 1866 1983 1900 :

122 1939 262 1996 Aulo
284 1957 483 1996 omnes
512 1936 725 2003 infesti.
755 1957 822 1997 ac
849 1955 1116 1997 maxume
1148 1937 1244 2014 qui
1289 1937 1441 1995 bello
1471 1955 1652 2012 saepe
1697 1935 1987 2014 praeclari

125 2027 363 2099 fuerant,
382 2031 558 2108 ‘'quod
583 2040 831 2092 armatus
860 2032 1155 2090 dedecore
1178 2030 1397 2106 potius»,
1428 2049 1596 2106 quam
1636 2047 1806 2087 manu
1835 2031 1987 2089 salu-

122 2126 233 2181 tem
260 2126 650 2201 quaesiverat.
736 2125 829 2181 Ob
856 2142 924 2185 ea
942 2124 1156 2183 ,consul
1181 2123 1421 2179 Albinus
1450 2140 1523 2180 ex
1552 2122 1767 2178 delicto
1796 2119 1987 2180 fratris

119 2210 405 2288 invidiam,
440 2219 550 2278 ¹⁰ac
577 2217 788 2276 deinde
832 2218 1161 2294 periculum
1210 2217 1442 2282 timens,
1475 2220 1737 2274 senatum
1764 2212 1837 2268 de
1864 2210 1988 2269 foe·

119 2306 257 2366 dere
300 2312 679 2368 consulebat:
727 2317 788 2366 et
814 2317 1006 2367 tamen
1034 2309 1270 2366 interim
1299 2305 1587 2363 exercitui
1614 2304 1984 2378 supplemen-

116 2406 234 2459 tum
261 2400 528 2458 scribere
552 2421 565 2456 ε
611 2401 682 2457 ab
710 2400 881 2457 sociis
905 2406 966 2457 et
992 2399 1225 2456 nomine
1255 2398 1458 2452 Latino
1487 2394 1700 2451 auxilia
1725 2409 1989 2454 arcesse-

118 2510 181 2551 re
209 2516 222 2552 :
270 2492 524 2568 denique
553 2491 737 2548 modis
782 2490 1044 2547 omnibus
1094 2487 1393 2545 festinare.
1411 2513 1426 2520 ⁶
1478 2486 1721 2545 Senatus
1760 2487 1861 2557 ita,
1905 2487 1987 2550 uti

116 2605 222 2662 par
268 2587 485 2652 fuerat,
513 2584 801 2650 decernit,
830 2600 935 2639 suo
977 2601 1179 2646 Aram:
1211 2599 1420 2639 rorum
1467 2598 1701 2639 msussu
1747 2601 1986 2643 munzun

117 2698 402 2739 ro‘rmssn
432 2696 658 2736 ponnus
688 2695 877 2735 mem.
950 2675 1170 2733 Consul
1195 2674 1506 2750 impeditus
1534 2694 1567 2732 a
1587 2674 1833 2736 tribunis
1861 2678 1987 2752 ple-

114 2773 195 2832 bis
225 2792 323 2844 ne,
352 2791 493 2850 quas
521 2777 832 2848 paraverat
852 2771 1071 2846 copias,
1101 2786 1303 2827 secum
1326 2776 1608 2845 portaret,
1629 2769 1830 2845 paucis
1856 2766 1981 2826 die-

38 2857 41 2866 '
124 2865 217 2925 bus
247 2867 304 2926 in
350 2865 606 2925 Africam
654 2863 1048 2942 proficiscitur
1073 2885 1088 2920 ε
1137 2881 1265 2921 nam
1308 2863 1492 2922 omnis
1541 2861 1857 2944 exercitus,
1900 2862 1984 2922 uti

124 2947 488 3029 convenerat,
548 2957 821 3017 Numidia
866 2957 1170 3021 deductus,
1220 2956 1280 3014 in
1327 2954 1628 3033 provincia
1670 2952 1978 3015 hiemabat.

124 3048 422 3130 Postquam
460 3071 531 3111 eo
560 3053 760 3125 venit3
803 3054 1192 3128 uquamquam
1236 3048 1515 3126 persequi
1554 3045 1897 3120 Jugurtham
1923 3058 1986 3109 et

124 3147 335 3206 mederi
363 3145 657 3205 fraternae
686 3145 937 3205 invidiae
966 3145 1185 3203 animus
1209 3143 1446 3223 ardebat
1472 3160 1487 3210 ς
1518 3138 1760 3213 cognitis
1788 3141 1979 3199 militi-

121 3235 241 3310 bu5‚
270 3258 415 3318 quos
444 3229 686 3315 praeter
712 3236 925 3313 fugam,
963 3237 1195 3295 ¹²soluto
1238 3232 1508 3310 imperim
1548 3229 1781 3292 licentia
1808 3238 1980 3303 atque

120 3327 349 3392 lascivia
375 3338 747 3410 corruperat,
767 3329 887 3387 ²³ex
905 3334 1074 3409 copia
1095 3345 1295 3389 rerum
1319 3327 1536 3400 statuit,
1561 3325 1703 3386 nihil
1731 3320 1841 3378 sibi
1862 3321 1975 3400 agif-

122 3426 366 3486 tandum.

1022 3512 1079 3571 H
1110 3516 1146 3568 Ξ
