2259 3875
266 260 343 323 86
853 254 1166 319 Sint-uara
1190 252 1535 319 Jucunrm.
1623 229 1637 245 κ

259 434 381 497 que
404 412 733 490 periculum
771 420 1037 490 ceperat,
1062 412 1145 471 ibi
1173 414 1455 472 resistere
1494 432 1563 472 sc
1602 414 1980 493 propulsare:
2019 426 2094 469 ar-

258 527 376 578 ms,
392 507 537 576 tela,
566 505 726 581 equi,
756 505 892 575 viri,
916 507 1139 574 hostes,
1162 505 1326 563 cives
1351 498 1624 581 pet-'mixti
1650 530 1664 565 :
1697 508 1839 566 nihil
1865 500 2097 572 consilio,

259 618 458 676 neque
483 597 734 674 imperio
778 598 899 672 agi:
944 597 1066 656 sors
1107 598 1301 656 omnia
1326 617 1560 674 regere.
1649 589 1849 678 ltaque
1886 598 2099 658 multum

255 693 376 752 ”die
404 698 792 768 processerat,
819 708 955 747 cum
980 691 1157 749 etiam
1183 699 1307 750 tum
1351 699 1604 750 eventus
1630 693 1688 751 in
1716 694 1938 752 incerto
1976 693 2099 748 erst-

257 783 533 860 Denique
562 782 824 841 omnibus
862 782 1064 839 labore
1120 790 1183 840 et
1203 792 1367 841 aestu
1395 783 1702 859 languidis,
1729 784 1998 845 Metellus
2023 777 2102 837 ubi

257 876 423 936 videt
448 874 727 932 Numidas
756 874 941 932 minus
991 875 1233 943 instare,
1278 875 1576 950 paullatim
1620 876 1832 937 milites
1871 878 1928 936 in
1953 887 2105 933 unum

259 967 554 1036 conducit,
580 966 815 1025 ordines
846 967 1117 1034 restituit,
1148 978 1210 1026 et
1230 968 1488 1027 cohortis
1516 970 1862 1045 legionarias
1890 974 2107 1045 quatuor

260 1062 579 1120 advorsum
620 1059 848 1135 pedites
900 1060 1150 1119 hostium
1177 1062 1470 1121 collocatz
1516 1081 1723 1121 eorum
1761 1081 1960 1138 magua
1996 1071 2108 1136 pars

258 1152 664 1228 superioribus
692 1152 835 1209 locis
863 1150 1013 1210 fessa
1033 1157 1398 1214 consederat.
1484 1153 1664 1213 Simul
1690 1172 1886 1221 orare,
1919 1146 2112 1210 hortari

259 1245 504 1311 milites,
547 1252 589 1279 “
614 1262 688 1302 ne
733 1244 1076 1307 deficerent.
1107 1267 1220 1309 neu
1254 1255 1597 1323 paterentur
1637 1247 1815 1303 hostis
1845 1246 2115 1319 fugientes

260 1336 550 1396 vinceret
595 1355 790 1413 neque
817 1338 930 1394 illis
957 1347 1145 1397 castra
1171 1358 1322 1406 esse,
1364 1356 1559 1412 neque
1599 1337 2018 1395 munimentum
2046 1334 2115 1392 ul·

260 1431 405 1491 lum.
437 1448 554 1507 quo
571 1430 875 1489 ‘cedentes
904 1433 1216 1490 tenderent
1241 1455 1257 1490 ι
1300 1431 1360 1488 in
1389 1433 1559 1488 armis
1582 1431 1770 1489 omnia
1785 1430 1962 1489 sita.”
2020 1426 2118 1485 Sed

259 1541 342 1583 ne
367 1522 653 1601 Jugurtha
680 1524 913 1600 quidem
939 1523 1169 1583 interea
1209 1525 1440 1600 quietus
1467 1545 1483 1581 ε
1528 1523 1862 1590 circumire,
1894 1520 2117 1588 hortari,

262 1635 557 1679 renovare
589 1620 893 1696 praelium,
924 1631 985 1676 et
1025 1619 1152 1696 ipse
1191 1639 1325 1678 cum
1367 1618 1612 1678 delectis
1653 1628 1882 1678 tentare
1909 1619 2114 1683 omnia:

264 1711 585 1770 subvenire
614 1714 760 1780 suis,
804 1712 1065 1770 hostibus
1106 1712 1292 1772 dubiis
1316 1712 1554 1783 instare,
1575 1715 1744 1789 ⁶quos
1779 1712 1977 1771 firmos
2004 1728 2117 1786 cog·

263 1811 539 1871 noverat,
562 1804 791 1858 eminus
822 1805 1130 1876 pugnando
1162 1806 1466 1883 retinere„

345 1894 476 1950 LIl.
523 1892 611 1949 Eo
639 1892 807 1949 modo
856 1891 1010 1948 inter
1036 1912 1100 1948 se
1142 1896 1260 1952 duo
1301 1897 1712 1971 imperatores,
1756 1898 1962 1959 summi
2007 1895 2122 1964 viri,

270 1984 608 2050 certabaut;
653 1983 762 2056 ipsi
797 2000 989 2056 pares.
1017 1993 1284 2041 ceterum
1327 1989 1534 2061 opibus
1562 1990 1906 2064 disput-inus.
1994 1991 2126 2049 Nam

268 2074 518 2134 Metello
559 2073 745 2132 virtus
776 2073 1022 2133 militum
1063 2084 1211 2138 erat,
1256 2077 1419 2133 locus
1460 2079 1775 2139 advorsus:
1820 2083 2128 2158 Jugurthae

269 2170 383 2230 alia
409 2168 615 2231 omnia,
645 2175 885 2244 praeter
923 2168 1157 2233 milites,
1187 2177 1537 2244 opportuna.
1629 2173 1898 2248 Denique
1931 2177 2128 2235 Roma·

268 2263 354 2334 ni,
379 2263 478 2323 ubi
505 2260 864 2335 intellegunt.
894 2277 1087 2336 neque
1112 2260 1224 2317 sibi
1251 2259 1602 2337 ''pet-fugium
1646 2281 1800 2332 esse,
1841 2285 2042 2342 neque
2074 2267 2133 2325 ab

267 2358 444 2418 hoste
471 2354 695 2432 copiam
724 2352 1008 2428 pugnandi
1038 2351 1191 2421 fieri,
1222 2363 1281 2410 et
1297 2352 1421 2428 jam
1449 2355 1542 2412 die
1585 2373 1802 2432 vesper
1829 2367 1957 2417 erat
1981 2382 1995 2430 ;
2028 2359 2133 2417 ⁸ad·

272 2468 453 2510 vorso
480 2449 656 2516 colle,
681 2448 850 2505 sicuti
894 2452 1273 2523 praeceptum
1299 2444 1514 2518 fuerat,
1562 2449 1835 2508 evadunt.
1920 2456 2134 2510 Amisso

269 2542 431 2610 loco,
459 2542 745 2597 Numidae
791 2538 905 2597 fusi
953 2538 1284 2616 fugatique:
1332 2543 1500 2616 pauci
1542 2543 1870 2613 interiere;
1914 2545 2133 2619 pleros·

275 2652 396 2714 que
424 2634 703 2691 velocitas
723 2642 781 2688 et
803 2633 964 2705 regio
997 2636 1255 2693 hostibus
1284 2634 1482 2708 ignara
1509 2647 1687 2696 tutata
1715 2646 1860 2697 sunt.
1913 2638 2139 2698 interes

271 2729 596 2797 Bomilcar,
625 2745 799 2803 quem
828 2727 1157 2802 elephantis
1185 2737 1245 2786 et
1283 2731 1433 2803 parti
1461 2735 1760 2804 copiarum
1788 2735 2140 2807 pedestrium

274 2822 640 2905 praefectum
667 2821 739 2877 ab
759 2817 793 2873 J
800 2821 1047 2893 ugurtha
1088 2840 1264 2894 supra
1289 2819 1559 2885 diximus,
1584 2823 1683 2877 ubi
1731 2841 1866 2879 eum
1898 2825 2139 2884 Rutilius

274 2927 751 2997 praetergressus
769 2921 878 2982 est,
910 2912 1203 2990 paullatim
1229 2929 1364 2967 suos
1395 2913 1451 2968 in
1480 2931 1730 2987 aequum
1752 2914 1945 2972 locum
1967 2921 2139 2978 dedn-

279 3011 364 3071 cit
388 3033 402 3067 z
447 3031 535 3077 ac,
563 3012 698 3068 dum
726 3010 946 3082 legatus
970 3007 1037 3061 ad
1068 3003 1305 3069 flumen,
1330 3022 1445 3078 quo
1473 3006 1822 3079 praemissus
1851 3018 2005 3074 erat.
2033 3010 2140 3068 fes·

281 3103 470 3164 tinans
498 3103 707 3174 pergit.
738 3100 988 3177 quietus.
1022 3096 1103 3152 uti
1132 3114 1227 3153 res
1257 3097 1602 3172 postulabat,
1632 3098 1815 3157 aciem
1857 3109 2141 3162 exornatt

280 3208 479 3270 neque
526 3194 787 3260 remittit,
832 3189 967 3267 quid
1005 3188 1247 3266 ‘'ubique
1299 3190 1479 3248 hostis
1533 3199 1753 3267 ageret,
1809 3196 2142 3270 explorare

283 3285 598 3360 Postquam
651 3281 927 3342 Rutilium
970 3283 1302 3343 consedisse
1337 3283 1481 3361 jam,
1517 3295 1577 3342 et
1618 3284 1849 3344 ²⁰animo
1900 3299 2147 3374 vacuum

292 3376 539 3456 accepit,
559 3369 847 3446 simulque
870 3378 988 3435 nex
1012 3376 1049 3431 J
1053 3379 1338 3452 iugurthae
1376 3378 1603 3456 praelio
1631 3380 1945 3445 clamorem
1972 3393 2156 3459 auge«
