2259 3875
644 221 962 281 Ssfizvsrn
989 218 1330 281 Juouarm.
1821 227 1923 282 131

90 382 219 449 rum
244 376 541 452 promittit.
624 376 909 459 Ceterum
950 377 1027 435 ‘ad
1069 377 1443 437 simulandam
1481 384 1709 454 pacem,
1757 378 1925 454 cujus

91 466 331 537 Numida,
381 468 640 528 defessus
688 470 869 538 bello,
914 469 1320 540 avidissimae,
1376 486 1522 547 quae
1562 470 1726 529 utilia
1775 471 1922 542 visa,

92 563 443 623 constituunt.
529 563 631 629 lta,
662 564 980 639 compoeito
1002 563 1156 621 dolo.
1190 563 1613 639 digrediuntur.
1656 552 1666 569 ⁹

156 652 337 715 CXII.
380 657 469 712 Ar
490 670 596 713 rex
622 665 855 732 postero
883 656 979 715 die
1003 657 1308 732 Asparem,
1334 655 1371 711 J
1377 658 1656 732 ugurthae
1685 656 1937 731 legatum

89 745 354 820 adpellat:
403 754 443 781 “
466 747 612 809 84silui
646 764 754 823 per
785 749 1072 807 Dabarem
1116 766 1191 806 ex
1239 748 1398 806 Sulla
1432 738 1742 824 cognitum,
1774 762 1947 823 posse

88 839 490 896 conditionibus
519 841 738 898 bellum
764 842 943 916 35ροιιὶ
973 865 987 898 :
1021 845 1400 918 quamobrem
1422 842 1574 916 regie
1598 841 1689 898 sui
1710 847 1942 897 senten-

86 929 212 986 tiam
239 932 640 1004 exquireret.’'
728 931 836 986 llle
872 934 1056 990 laetus
1084 933 1146 989 in
1172 940 1362 989 castra
1392 932 1427 985 J
1434 935 1717 1006 ugurthae
1761 933 1942 990 venit.

91 1018 310 1077 Deinde
338 1021 410 1075 ab
436 1021 539 1075 illo
560 1028 770 1076 cuncta
797 1023 1058 1091 edoctus,
1089 1032 1406 1100 properato
1448 1025 1682 1091 itinere,
1711 1033 1843 1101 post
1867 1024 1951 1082 di-

91 1118 473 1172 moctavum
515 1113 666 1171 redit
695 1113 765 1170 ad
816 1114 1132 1185 Bocchum,
1162 1125 1223 1174 et
1265 1118 1319 1175 ei
1369 1118 1626 1189 nunciat,
1668 1124 1708 1153 “
1733 1118 1946 1193 Jugur-

89 1207 236 1265 tham
254 1222 477 1281 cupere
503 1204 712 1274 omnia,
730 1224 878 1281 quae
898 1209 1347 1283 imperarentur,
1370 1210 1570 1269 facere
1599 1233 1614 1281 ;
1642 1212 1747 1269 sed
1769 1211 1956 1269 Mario

91 1314 289 1376 parum
303 1297 631 1357 confideret
664 1317 842 1374 saepe
865 1309 1033 1359 antea
1050 1320 1183 1359 cum
1213 1303 1663 1377 imperatoribus
1685 1303 1960 1360 Romanis

95 1400 289 1466 pacem
336 1397 683 1449 conventam
705 1390 919 1448 frustra
944 1392 1145 1449 fuisse.
1226 1393 1554 1451 &ceterum
1582 1396 1632 1449 ei
1681 1396 1961 1451 ambobus

96 1480 434 1551 consultum,
461 1488 525 1539 et
549 1489 731 1538 ratam
773 1474 977 1555 pacem
1006 1483 1211 1551 vellet,
1262 1483 1426 1540 daret
1469 1502 1729 1558 operam,
1760 1491 1823 1540 ut
1849 1501 1966 1556 una

103 1574 174 1631 ab
196 1573 479 1641 omnibus,
506 1574 669 1649 quasi
697 1574 773 1630 de
823 1590 969 1648 pace
997 1571 1054 1628 in
1095 1573 1453 1647 colloquium
1502 1574 1831 1641 veniretur,
1860 1572 1967 1628 ibi-

109 1681 217 1739 que
242 1665 354 1722 sibi
381 1659 603 1723 bullam
624 1666 884 1721 traderet
909 1686 922 1720 z
968 1682 1099 1721 cum
1130 1662 1306 1720 talem
1348 1664 1541 1720 virum
1587 1665 1646 1719 in
1676 1666 1966 1738 potes'tate

99 1754 363 1823 haberet,
390 1755 541 1826 fore,
572 1758 654 1813 uti
672 1756 841 1831 jussu
870 1762 1104 1812 senatus
1136 1762 1308 1830 atque
1339 1756 1544 1829 populi
1567 1754 1818 1812 'Romani
1846 1753 1969 1812 foe·

100 1846 202 1904 due
231 1847 447 1906 fieret:
491 1860 684 1923 neque
735 1847 1024 1904 hominem
1066 1848 1349 1912 nobilem,
1378 1846 1535 1903 3''nou
1576 1862 1680 1903 sua
1722 1846 1966 1920 ignavia,

102 1940 202 2002 sed
233 1939 307 2002 ob
335 1942 752 2016 rempublicam
780 1940 836 1995 in
860 1940 1109 1995 hostium
1139 1946 1450 2013 potestate,
1478 1937 1750 1996 relictum
1771 1939 1911 1997 iri.”

180 2029 404 2088 CXIII.
450 2032 617 2088 Hanc
646 2033 885 2088 Maurus
935 2049 1136 2087 secum
1165 2033 1290 2104 ipse
1333 2030 1427 2086 diu
1471 2031 1716 2088 volvens
1743 2031 1975 2089 tandem

102 2123 366 2199 promisit
393 2144 408 2194 ;
453 2129 718 2184 ceterum
748 2122 946 2190 ³⁸d010‚
998 2141 1067 2180 an
1112 2140 1282 2189 vere,
1315 2138 1515 2196 parum
1563 2123 1973 2195 comperimus.

106 2213 223 2271 Sed
255 2213 604 2289 plerumque
624 2216 824 2285 ‚regiae
847 2215 1199 2280 voluntalem,
1222 2219 1286 2269 ut
1313 2214 1714 2278 vehementes,
1742 2213 1825 2268 sic
1854 2230 1973 2269 mo-

99 2305 274 2374 biles,
302 2321 484 2377 saepe
509 2304 712 2376 ³⁹ipsae
744 2303 851 2358 sibi
878 2304 1177 2362 advorsae.
1266 2302 1497 2371 Postea,
1519 2310 1787 2377 tempore
1814 2310 1875 2361 et
1895 2304 1980 2360 lo-

105 2413 177 2454 co
206 2394 548 2460 constituto,
593 2392 678 2467 [in
707 2392 1055 2468 colloquium
1086 2395 1171 2452 uti
1199 2394 1271 2451 de
1300 2412 1447 2469 pace
1471 2394 1800 2471 veniretur]
1835 2394 1982 2453 Boc-

107 2488 261 2546 chus
290 2485 509 2541 Sullam
549 2484 741 2552 modo,
791 2485 959 2541 modo
1006 2484 1332 2558 Jugurthae
1372 2486 1621 2560 legatum
1661 2486 1985 2563 adpellare,

105 2580 427 2653 ”benigne
453 2577 699 2642 habere,
742 2576 894 2633 idem
931 2579 1209 2635 ambobus
1252 2580 1544 2653 polliceri.
1628 2581 1717 2639 llli
1772 2585 1992 2657 pariter

104 2672 279 2737 laeti,
309 2688 379 2726 ac
405 2668 534 2743 spei
561 2668 745 2724 bonae
775 2667 951 2741 pleni.
1038 2667 1153 2724 Sed
1184 2679 1353 2727 nocte
1395 2690 1488 2740 ea,
1530 2690 1680 2750 quae
1712 2692 1993 2749 proxuma

104 2762 227 2823 fuit
256 2768 395 2820 ante
423 2759 577 2817 diem
598 2758 889 2835 colloquio
916 2760 1243 2829 decretum,
1265 2759 1527 2832 Maurus,
1555 2763 1823 2823 adhibitis
1850 2765 1991 2820 ami-

107 2856 226 2924 cie,
257 2873 330 2913 ac
357 2852 542 2910 statim
562 2852 856 2910 immutata
882 2853 1179 2911 voluntate
1217 2852 1516 2922 “remotim
1557 2854 1771 2911 dicitur
1795 2869 1998 2911 secum

113 2946 254 3021 ipse
295 2946 475 3003 multa
502 2943 824 3020 agitavisse,
852 2945 1053 3001 ⁴²vollu
1109 2946 1373 3020 corporis
1414 2945 1658 3021 pariter,
1679 2951 1851 3019 atque
1878 2944 1997 3001 ani-

112 3053 218 3096 mo
246 3036 447 3095 varius
480 3058 494 3092 ε
551 3054 663 3111 qua
690 3054 780 3101 re,
809 3035 1033 3093 scilicet
1073 3043 1300 3092 tacente
1323 3037 1472 3111 ipso,
1498 3033 1725 3093 occulta
1745 3035 2000 3110 pectoris

114 3127 502 3201 patefecisse.
528 3143 540 3147 ·
586 3125 813 3184 Tamen
843 3135 1138 3201 postremo
1168 3127 1394 3208 Sullam,
1426 3125 1698 3184 arcessiri
1714 3125 1908 3200 jubet,
1938 3131 2000 3182 et

122 3235 204 3275 ex
227 3220 362 3295 ejus
386 3209 678 3275 'sententia
718 3217 1027 3276 Numidiae
1067 3217 1298 3276 insidiae
1338 3214 1539 3274 tendit.
1625 3216 1874 3282 Deinde,
1900 3214 2003 3272 ubi

120 3307 258 3368 dies
291 3309 548 3382 advenit,
577 3316 637 3370 et
664 3310 721 3369 ei
744 3310 1077 3371 nunciatum
1098 3317 1209 3382 est,
1236 3308 1273 3367 J
1277 3304 1580 3384 ugurtham
1606 3306 1758 3366 haud
1793 3306 2005 3381 procul
