2259 3875
284 292 358 346 92
650 329 656 335 .
872 285 1188 343 Satausrn
1214 280 1253 339 J
1257 299 1557 345 roua-rm⁴

282 440 689 518 egrederetur,
711 441 1030 518 equitatum
1056 460 1282 521 omnem
1336 441 1397 500 in
1424 459 1495 498 ea
1520 445 1714 515 parte,
1744 448 1858 517 qua
1879 435 2031 513 regis
2055 434 2138 495 ad·

279 542 486 592 ventus
516 540 663 599 erat,
693 552 802 609 pro
831 530 1034 592 castris
1070 534 1329 608 &agitare
1339 533 1516 609 jubet
1547 554 1562 590 ε
1607 522 1805 608 portas
1828 534 1889 589 et
1940 544 2138 606 proxu-

279 643 370 682 ma
395 625 524 683 loca
551 624 796 682 tribunis
815 625 1120 701 dispertit:
1153 622 1363 683 deinde
1393 624 1522 698 ipse
1544 624 1739 699 pergit
1759 623 1828 680 ad
1858 619 2137 697 oppidum,

278 722 475 793 atque,
503 722 568 775 ut
595 716 908 792 superiore
935 716 1052 783 die,
1082 733 1312 773 murum
1342 715 1698 790 adgreditur.
1783 713 2025 772 Interim
2047 708 2137 766 Ju-

275 816 488 894 gurtha
513 832 585 872 ex
611 813 842 871 occulto
870 819 1116 887 repente
1141 821 1335 870 nostos
1383 810 1600 870 invadit
1628 832 1643 868 z
1687 809 1788 886 qui
1816 809 1875 866 in
1901 808 2139 884 ⁵⁰proxu-

174 978 186 995 ς
277 924 372 967 mo
396 905 570 964 locati
591 903 844 972 fuerant,
863 904 1187 980 paullisper
1211 903 1406 962 territi
1440 904 1901 979 perturbantur3
1945 896 2141 976 reiiqui

277 1000 393 1058 cito
421 996 794 1056 subveniunt.
878 993 1088 1071 Neque
1140 996 1357 1053 diutius
1387 995 1675 1053 Numidae
1700 993 1981 1053 resistere
2036 988 2140 1066 qui-

275 1091 516 1158 vissent,
542 1090 599 1145 ni
628 1089 856 1164 pedites
885 1106 1017 1147 cum
1039 1088 1333 1164 equitibus
1365 1074 1638 1164 permixti
1660 1104 1915 1161 magnam
1937 1082 2143 1163 cladem

277 1183 336 1240 in
365 1200 681 1256 congressu
733 1179 1054 1240 fflfecissent
1082 1202 1098 1237 τ
1141 1183 1353 1257 quibus
1384 1181 1464 1238 illi
1492 1180 1656 1241 freti.·
1675 1197 1809 1245 non,
1834 1186 1897 1233 ut
1941 1192 2142 1255 eques-¹

278 1277 354 1336 tri
382 1276 609 1353 praelio
635 1276 806 1343 solet,
836 1278 1027 1352 sequi,
1055 1276 1192 1334 dein
1220 1278 1438 1334 cedere
1467 1296 1482 1345 ς
1526 1275 1629 1333 sed
1655 1271 1958 1331 ⁶¹advorsis
1991 1270 2142 1346 equis

279 1367 976 1442 concurrere,implicare
998 1386 1064 1425 ac
1096 1369 1445 1441 perturbare
1473 1366 1659 1425 aciem
1688 1387 1705 1439 ;
1748 1366 1827 1423 ita
1869 1363 2139 1440 expeditis

288 1460 583 1540 peditibus
610 1460 750 1525 suis,
780 1460 967 1517 ‘hostis
984 1479 1173 1536 paene
1188 1459 1416 1517 “victos
1435 1460 1596 1518 dare.
1658 1454 1666 1466 ’

357 1552 481 1610 LX.
527 1552 736 1610 Eonsu
761 1559 1027 1626 tempore
1053 1552 1206 1626 apud
1233 1549 1465 1608 Zamam
1495 1570 1696 1627 magna
1721 1551 1782 1610 vi
1801 1551 2137 1610 certabatur.

279 1645 396 1705 Ubi
425 1646 672 1723 quisque
721 1645 966 1718 legatus,
995 1654 1092 1701 aut
1139 1645 1404 1702 tribunus
1433 1647 1693 1715 curabat,
1734 1662 1810 1737 3⁰
1851 1658 2139 1702 acerrume

279 1739 381 1795 niti
408 1760 423 1810 3
469 1755 661 1814 neque
691 1736 835 1793 alius
864 1738 921 1792 in
950 1737 1062 1794 alio
1093 1738 1290 1812 magis,
1321 1756 1491 1813 quam
1535 1739 1593 1795 in
1620 1755 1752 1796 sese
1787 1744 1952 1814 spem
1979 1736 2137 1793 habe·

280 1849 347 1887 re
375 1851 389 1885 ε
436 1831 657 1904 pariter
683 1828 954 1902 oppidani
983 1848 1157 1904 agere
1187 1852 1203 1900 3
1243 1831 1643 1904 ”obpugnarm
1671 1838 1767 1890 aut
1800 1846 2008 1905 parare
2034 1846 2142 1887 om·

279 1920 447 1979 nibus
491 1920 676 1977 locis:
723 1919 942 1978 avidius
973 1921 1145 1980 alteri
1193 1924 1405 1979 alteros
1448 1922 1734 1991 sauciare,
1763 1926 1934 1998 quam
1973 1927 2141 1980 semet

278 2019 481 2085 tegere
511 2032 525 2067 ε
571 2011 790 2069 clamor
836 2015 1155 2089 permixtus
1206 2013 1553 2080 hortatione,
1603 2013 1843 2080 laetitia.
1893 2015 2102 2090 gemitu
2126 2031 2138 2085 ;

278 2104 417 2162 item
452 2104 728 2181 strepitus
777 2124 1065 2163 armorum
1106 2105 1176 2160 ad
1214 2105 1444 2159 coelum
1472 2102 1658 2161 ferris
1703 2108 1821 2163 tela
1863 2110 2140 2185 utrimque

278 2199 498 2256 volare.
599 2198 712 2255 Sed
763 2198 867 2264 ini,
918 2197 1015 2271 qui
1071 2193 1298 2250 moenia
1352 2193 1749 2265 defensabant,
1803 2200 1902 2255 ubi
1960 2203 2141 2260 hostes

278 2291 574 2366 paululum
589 2290 758 2347 modo
781 2304 1027 2364 pugnam
1046 2285 1411 2348 remiserant,
1427 2288 1626 2347 intenti
1644 2290 1931 2365 praelium
1945 2311 2142 2371 eques·

278 2389 367 2441 tre
398 2383 846 2459 prospectabant
870 2400 884 2435 ε
929 2396 1052 2446 eos,
1081 2378 1164 2435 uti
1194 2398 1462 2457 quaeque
1494 2380 1528 2435 J
1536 2383 1817 2457 ugurthae
1845 2403 1941 2444 res
1970 2393 2143 2456 erant,

274 2475 458 2532 laetos
478 2475 668 2543 modo,
686 2473 851 2531 modo
874 2470 1109 2547 pavidos
1127 2473 1627 2535 animadvorteres
1652 2500 1666 2536 :
1699 2497 1785 2547 ac,
1806 2479 1975 2536 sicuti
2000 2478 2143 2538 audi-

277 2565 327 2622 ri
346 2584 377 2619 a
395 2565 537 2632 suis,
565 2576 661 2621 aut
674 2563 837 2622 cerni
855 2572 1120 2638 possent,
1152 2584 1391 2625 monere
1414 2569 1642 2638 aiii‚aiii
1661 2571 1902 2648 hortari,
1920 2582 2016 2631 aut
2041 2585 2144 2629 ma*-
2239 2581 2240 2592 ¹

274 2673 353 2715 nu
375 2654 718 2730 significare,
740 2662 837 2712 aut
848 2654 993 2730 “niti
1011 2657 1378 2734 corporibus,
1397 2670 1457 2722 et
1480 2664 1614 2724 huc.
1637 2666 1797 2737 illuc,
1827 2669 1990 2744 quasi
2015 2671 2143 2729 vita·
2239 2665 2240 2724 ἕ

274 2748 475 2820 bundi,
503 2753 604 2805 aut
621 2746 908 2823 jacientes
953 2749 1089 2819 tela,
1115 2751 1419 2842 “agitare-x
1477 2754 1650 2821 Quod
1679 2759 1775 2813 ubi
1804 2758 1995 2819 Mario
2022 2783 2146 2840 cog·
2239 2767 2240 2802 ἓ

275 2843 459 2900 nitum
497 2847 588 2899 est
629 2840 784 2907 (nam
825 2839 873 2897 is
914 2841 972 2899 in
1014 2861 1087 2900 ea
1136 2852 1303 2916 parte
1345 2844 1614 2920 curabat)
1658 2849 1919 2905 consulto
1963 2854 2145 2914 lenius
2239 2859 2240 2884 ³

276 2953 474 3009 agere,
518 2952 586 2993 ac
626 2931 998 2993 diffidentiam
1047 2931 1135 2989 rei
1174 2933 1490 2991 simulare:
1537 2936 1652 3011 pati
1701 2937 1977 3001 Numidas
2027 2948 2145 3008 sine
2239 2939 2240 2946 ἵ

276 3027 521 3085 tumuitu
553 3028 704 3103 regis
736 3026 1021 3101 praelium
1065 3025 1280 3081 visere.
1367 3025 1451 3083 lta
1487 3027 1600 3087 illis
1640 3029 1870 3093 “studio
1915 3045 2146 3102 suorum
2239 3045 2240 3088 ἐ

277 3116 584 3185 adstrictis,
626 3126 872 3192 repente
928 3134 1126 3191 magna
1169 3115 1225 3174 vi
1255 3135 1481 3177 murum
1521 3122 1891 3198 aug-aditur:
1934 3139 1997 3190 et
2030 3134 2147 3210 jam

279 3209 447 3266 scalis
488 3208 784 3279 ”aggressi
811 3208 1020 3266 milites
1048 3227 1236 3286 prope
1264 3229 1482 3271 summa
1509 3228 1811 3292 ceperant,
1838 3241 1969 3282 cum
1987 3225 2146 3303 oppi·

218 3317 231 3330 ψ
280 3297 407 3356 dani
436 3306 812 3371 concurrunt,
843 3301 1083 3396 wide&
1116 3303 1330 3381 ignem,
1358 3306 1469 3366 alia
1492 3321 1804 3385 praeterea
1832 3313 1948 3375 tela
1992 3315 2147 3400 inge*
2173 3393 2182 3406 ι
2239 3355 2240 3394 ;
