2259 3875
0 3325 1 3376 ψ

0 3407 5 3506 ⁴

638 256 642 262 ·
719 219 1397 300 SALLusrriJununrm.
1764 251 1770 255 '
1883 246 1983 304 121

136 381 293 467 care,
309 395 522 455 multos
537 401 735 452 contra
753 394 1027 452 advorsos
1056 388 1362 454 acerrume
1389 395 1711 470 pugnantis,
1739 394 1814 453 ab
1834 400 1999 475 tergo

136 487 606 554 circumvenire:
650 504 842 561 neque
888 487 1097 556 virtus,
1148 506 1340 563 neque
1395 505 1550 544 arma
1591 490 1730 570 satis·
1773 493 2018 564 tegere,'

135 584 282 660 quod
312 583 516 640 hostes
544 596 783 638 numero
807 581 1011 652 >plures
1039 588 1099 638 et
1126 581 1382 657 undique
1410 581 1745 639 circumfusi
1776 604 1788 638 ε
1835 582 2001 640 deni-

132 690 245 748 que
277 671 520 729 Romani
541 680 797 735 veteres,
824 671 1103 746 novique,
1130 671 1234 729 ”et
1272 671 1346 726 ob
1373 689 1443 728 ea
1487 671 1737 728 scientes
1766 671 1926 736 belli,
1951 672 2001 730 si

129 782 274 840 quos
303 764 488 830 locus,
510 772 607 820 aut
631 781 795 819 casus
816 763 1219 837 conjunxerat,
1248 762 1423 819 orbes
1441 759 1636 819 facere
1664 785 1680 832 ς
1725 769 1897 837 atque
1924 764 2002 821 ita

129 859 198 916 ab
225 857 490 916 omnibus
531 856 790 932 partibus
832 854 1003 912 simul
1045 857 1184 914 tecti
1212 864 1273 913 et
1308 856 1574 915 instructi
1603 857 1852 914 hostium
1883 857 1998 915 vim

119 951 534 1031 sustentabant.
1732 941 1739 947 ’

206 1039 483 1098 XCVlll.
528 1036 746 1105 Nnnun
773 1034 833 1097 in
873 1057 944 1097 eo
972 1047 1087 1097 tam
1113 1057 1322 1115 aspero
1347 1039 1575 1114 negotio
1603 1041 1842 1099 territus
1870 1038 1995 1100 Ma·

126 1134 267 1203 rius,
297 1141 397 1190 aut
419 1133 609 1207 magis,
641 1150 808 1208 quam
841 1142 1006 1189 antea
1046 1130 1297 1188 demisso
1326 1134 1511 1191 animo
1539 1131 1649 1190 fuit
1680 1155 1696 1190 z
1738 1134 1840 1191 sed
1867 1151 2028 1211 cum,

126 1224 311 1286 turma
337 1247 463 1296 sua,
494 1248 664 1305 quam
703 1246 778 1284 ex
809 1222 1155 1295 fortissumis
1185 1227 1381 1309 magis,
1410 1246 1578 1305 quam
1605 1227 1996 1286 familiarissu-

125 1322 247 1389 mis,
274 1328 601 1396 paraverat,
629 1320 825 1394 vagari
853 1321 1063 1395 passim
1087 1341 1101 1376 τ
1147 1338 1215 1376 ac
1256 1318 1423 1377 modo
1458 1321 1850 1379 laborantibus
1878 1322 1999 1379 suis

125 1434 494 1482 succurrere,
522 1415 691 1471 modo
726 1414 926 1480 hostis,
952 1414 1048 1470 ubi
1073 1411 1498 1470 confertissumi
1521 1417 1884 1478 obstiterant,
1913 1417 1998 1470 in-

122 1511 375 1567 vadere:
418 1508 633 1565 “manu
676 1505 986 1565 consulere
1029 1505 1327 1576 militibus,
1370 1507 1637 1580 quoniam
1682 1508 1999 1580 imperare,

124 1601 473 1659 conturbatis
530 1599 816 1668 omnibus,
864 1619 976 1657 non
1026 1605 1274 1673 poterat.
1384 1594 1631 1669 Jamque
1679 1599 1806 1652 dies
1855 1616 1994 1655 con·

122 1701 336 1753 sumtus
365 1701 513 1761 erat,
533 1700 886 1767 cum-tamen
914 1690 1148 1747 barbari
1168 1687 1311 1743 nibil
1339 1686 1665 1753 remittere,
1689 1695 1886 1761 atque,
1916 1692 2000 1748 uti

123 1808 286 1865 reges
316 1770 768 1863 praeceperant,
807 1786 1080 1842 ⁴²¹noctem
1118 1799 1227 1857 pro
1255 1797 1319 1837 se
1349 1778 1480 1845 rati,
1524 1778 1715 1837 acrius
1756 1780 1993 1839 instare.

120 1881 271 1944 Tum
300 1880 523 1939 Marius
549 1879 665 1935 ⁴²ex
689 1879 858 1954 copia
888 1895 1085 1936 rerum
1113 1872 1415 1933 consilium
1454 1872 1653 1942 trahit,
1684 1879 1880 1949 atque,
1910 1881 1997 1943 uti

118 1976 228 2032 suis
265 1972 532 2048 receptui
571 1972 734 2029 locus
764 1978 938 2039 esset,
968 1968 1135 2026 collis
1161 1967 1305 2024 duos
1347 1963 1704 2040 propinquos
1749 1964 1903 2022 inter
1926 1984 1995 2025 se

118 2071 359 2140 occupat
384 2085 400 2121 ι
446 2080 691 2140 quorum
719 2060 775 2118 in
798 2080 939 2128 uno,
963 2060 1403 2135 castrisparum
1428 2055 1638 2126 amplo,
1664 2052 1789 2112 fons
1808 2074 1993 2130 aquae

113 2172 347 2231 magnus
374 2163 542 2226 erat,
529 2179 542 2191 ·
586 2157 735 2213 alter
778 2155 905 2212 usui
953 2160 1338 2227 opportunus,
1382 2144 1537 2220 quia,
1582 2163 1784 2217 magna
1826 2159 1993 2219 parte

117 2249 296 2307 editus
328 2256 387 2306 et
414 2267 723 2323 praeceps,
749 2247 979 2320 ”pauco
1009 2239 1363 2300 munimento
1392 2237 1616 2308 egebat.
1709 2234 1990 2297 Ceterum

113 2341 259 2417 apud
287 2356 494 2412 aquam
521 2340 739 2406 Sullam
765 2352 898 2391 cum
925 2333 1218 2406 equitibus
1261 2334 1493 2382 noctem
1536 2327 1751 2399 agitare
1790 2325 1983 2401 jubet.

91 2433 242 2510 lpse
284 2428 580 2505 paullatim
626 2427 924 2500 dispersos
973 2421 1207 2485 milites,
1254 2433 1449 2491 neque
1498 2413 1683 2473 minus
1726 2420 1984 2481 hostibus

108 2523 484 2591 conturbatis,
502 2522 562 2579 in
586 2537 763 2578 unum
762 2509 1112 2576 contrahit:
1158 2510 1295 2568 dein
1316 2517 1556 2566 cunctos
1594 2511 1770 2586 pleno
1806 2519 1984 2589 gradu

0 2617 1 2646 ³
103 2618 159 2676 in
208 2618 422 2676 collem
467 2612 755 2677 subducit.
843 2605 927 2664 Ita
975 2621 1178 2679 reges,
1221 2601 1336 2662 loci
1390 2601 1723 2664 difficultate
1773 2612 1980 2684 coacti,

101 2707 331 2788 praelio
381 2704 798 2771 deterrentur;
862 2715 1054 2773 neque
1109 2703 1300 2752 tamen
1353 2712 1486 2752 suos
1540 2698 1764 2773 longius
1817 2703 1981 2761 abire

106 2801 315 2866 sinunt,
362 2797 489 2867 sed,
532 2801 781 2869 utroque
807 2791 960 2850 colle
998 2787 1360 2846 multitudine
1400 2788 1779 2860 circumdato,
1819 2792 1980 2849 effufi

106 2887 449 2950 consedere
512 2887 665 2945 Dein
692 2883 918 2944 crebris
946 2881 1173 2958 ignibus
1200 2879 1385 2949 factis,
1414 2881 1761 2956 plerumque
1789 2881 1977 2939 noctis

107 2982 331 3042 barbari
374 3000 480 3040 suo
500 2992 687 3042 more
732 2977 959 3044 laetari,
1005 2976 1326 3044 exsultare,
1370 2984 1639 3050 strepere
1691 2970 1969 3073 vocibugz

107 3074 216 3151 ipsi
254 3078 430 3135 duces
478 3072 731 3145 seroces,
777 3071 960 3146 “quia
1006 3088 1122 3131 non
1161 3067 1447 3143 fugerant,
1481 3084 1609 3140 pro
1657 3061 1972 3130 victui-ibn&

111 3186 299 3244 agere.
385 3165 499 3227 Sed
527 3188 598 3226 ea
622 3172 831 3226 cuncta
857 3163 1128 3223 Romanis
1157 3179 1233 3221 ex
1259 3158 1516 3221 tenebris
1545 3164 1608 3216 et
1628 3157 1968 3220 editioribus
2011 3189 2018 3198 ·

106 3257 243 3318 locis
269 3260 457 3319 facilia
481 3258 632 3327 visu,
651 3257 1011 3332 “magnoque
1039 3255 1402 3314 hortamento
1422 3255 1607 3308 erant.

185 3349 396 3414 XCIX.
442 3350 757 3413 Prummu
784 3366 931 3410 vero
972 3347 1193 3483 Marius
1236 3342 1526 3424 imperitia
1552 3327 1802 3406 hostium
1826 3359 1962 3404 con·

1793 3607 1850 3642 υτ

1837 3741 1866 3764 4-
