2259 3875
755 151 1070 215 &musra
1098 149 1437 219 Juouarm.
1926 154 2050 213 1-25ξ

165 303 432 377 primum,
461 305 617 381 quod
642 305 851 382 procul
879 307 1171 375 absumus,
1198 306 1257 371 in
1286 322 1402 381 quo
1432 302 1689 371 offensae
1715 301 2045 384 minimum,

163 390 381 472 ”gratia
409 415 539 472 par,
565 416 631 456 ac
657 398 706 455 si
733 416 923 475 prope
945 399 1322 468 adessemus;
1368 390 1525 467 dein,
1548 395 1702 473 quod
1721 395 2044 472 “parentet

164 488 393 551 abunde
416 489 719 559 habemus,
746 493 1064 548 amicorum
1090 507 1289 566 neque
1316 488 1501 556 nobis,
1543 505 1734 565 neque
1763 488 2045 567 cuiquam

161 580 415 637 omnium
439 580 594 637 satis.
678 581 867 659 Atque
896 583 1010 639 hoc
1037 581 1253 640 utinam
1280 600 1314 638 a
1340 578 1630 657 principio
1652 578 1757 639 tibi
1786 579 2035 654 placuis—

156 675 287 728 set!
329 671 595 747 profecto
623 690 699 731 ex
740 675 960 750 populo
1011 672 1271 733 Romano
1318 672 1404 729 ad
1433 672 1546 733 hoc
1588 681 1823 746 tempus
1853 666 2042 729 multo

155 762 329 839 plura
354 764 511 822 bona
534 765 884 841 accepisses,
901 784 1072 842 quam
1100 762 1317 824 mala⁷⁵
1322 781 1637 841 perpessus
1665 780 1851 820 esses.
1893 762 2042 833 Sed,

158 855 426 930 quoniam
454 857 830 916 humanarum
858 875 1058 916 rerum
1097 853 1329 915 fortuna
1368 856 1656 931 pleraque
1698 853 1869 927 regit,
1894 850 2049 936 ”cui

153 946 384 1004 scilicet
412 948 630 1022 placuit
672 959 730 1006 te
778 958 839 1007 et
886 949 1001 1007 vim
1045 956 1106 1008 et
1151 949 1393 1027 gratiam
1442 954 1698 1006 nostram
1725 945 2029 1020 experiri·
2011 988 2029 1025 2

152 1056 337 1109 nunc,
364 1040 592 1116 quando
620 1059 733 1116 per
776 1042 934 1103 illam
977 1041 1137 1112 licet,
1179 1041 1408 1108 festina,
1436 1049 1631 1117 atque,
1661 1046 1726 1097 ut
1751 1037 2024 1113 coepisti,

154 1136 364 1207 perge.
451 1131 638 1188 Multa
663 1140 841 1213 atque
863 1141 1191 1207 opportuna
1216 1133 1420 1199 habes,
1439 1151 1556 1208 quo
1583 1130 1809 1188 facilius
1837 1138 2031 1188 errata

154 1219 354 1279 officiis
377 1238 646 1303 superes.
731 1222 1036 1280 Postremo
1083 1224 1198 1280 hoe
1237 1223 1298 1278 in
1345 1231 1549 1298 pectus
1578 1230 1737 1281 tuum
1761 1221 2036 1291 demitte,

152 1330 440 1389 nunquam
471 1316 748 1388 populum
778 1306 1099 1373 Romanum
1127 1310 1429 1372 beneficiis
1461 1317 1677 1373 victum
1705 1337 1720 1372 ε
1752 1334 1880 1372 nam
1903 1316 2028 1372 bel·

156 1407 212 1464 lo
239 1409 378 1482 quid
410 1408 621 1478 valeat,
650 1416 776 1466 tute
804 1409 985 1466 scis.’'
1069 1408 1158 1463 Ad
1189 1425 1260 1464 ea
1281 1406 1549 1467 Bocchus
1577 1409 1808 1483 placide
1836 1418 1897 1466 et
1923 1413 2028 1467 be-

156 1498 324 1577 nigne
348 1520 364 1568 ς
407 1499 578 1558 simul
602 1516 784 1573 pauca
812 1517 925 1574 pro
949 1498 1163 1555 delicto
1193 1500 1376 1556 verba
1400 1497 1537 1555 facit
1560 1520 1574 1554 ε
1614 1508 1653 1534 “
1676 1518 1741 1556 se
1764 1518 1877 1556 non
1894 1500 2031 1557 hos-

157 1589 240 1649 tili
268 1591 481 1658 animo,
510 1591 613 1648 sed
662 1609 902 1666 regnum
946 1598 1194 1647 tutatum
1240 1608 1397 1647 arma
1424 1589 1699 1664 cepisse:
1747 1609 1875 1646 nam
1903 1590 2026 1648 Nu-

76 1716 83 1727 =
152 1682 360 1743 midiae
389 1691 636 1758 partem,
665 1683 861 1740 ”unde
892 1682 948 1740 vi
976 1681 1321 1756 Jugurtham
1350 1680 1677 1756 expulerat,
1695 1681 1836 1756 jure
1884 1683 2030 1742 belli

154 1795 311 1834 suam
342 1773 570 1843 saetam,
602 1794 729 1831 eam
758 1777 969 1834 vastari
999 1778 1070 1833 ab
1096 1774 1285 1837 Mario
1309 1783 1421 1850 pati
1453 1772 1785 1849 nequivisse
1811 1797 1825 1833 :
1857 1793 2024 1851 prae-

151 1872 316 1925 terea
342 1867 530 1924 missis
559 1876 727 1924 antea
755 1866 995 1926 Romam
1042 1867 1267 1944 legatis,
1310 1866 1610 1944 repulsum
1637 1868 1709 1925 ab
1737 1868 2004 1926 amicitia.

148 1959 430 2019 Ceterum
458 1971 662 2018 vetera
691 1968 979 2026 omittere,
1004 1971 1077 2018 'ac
1109 1970 1250 2029 tum,
1280 1961 1326 2019 si
1356 1977 1468 2036 per
1506 1949 1762 2019 Marium
1783 1960 2014 2031 liceret,

148 2051 366 2125 legatos
413 2053 481 2109 ad
511 2068 774 2110 senatum
800 2053 1178 2111 missurum.”
1264 2053 1419 2110 Dein
1443 2053 1657 2128 '¹⁸copia
1681 2052 1851 2121 facta,
1896 2052 2014 2111 ani-

147 2158 273 2201 mus
302 2143 531 2201 barbari
561 2147 633 2200 ab
656 2145 851 2201 amicis
878 2144 1085 2214 flexus,
1116 2162 1261 2221 quos
1278 2144 1587 2217 Jugurtha,
1610 2143 1837 2214 cogni-ta
1864 2143 2016 2214 lega·

145 2234 302 2292 tione
331 2236 526 2292 Sullae
555 2244 616 2291 et
653 2236 872 2302 Manlii,
900 2248 1167 2295 metuens
1196 2236 1253 2292 id
1281 2235 1435 2310 quod
1463 2235 1801 2309 parabatur,
1845 2233 2020 2300 donis

146 2330 514 2399 corruperat.

222 2419 386 2476 cm.
432 2418 667 2475 Maurus
709 2418 954 2486 interea,
1003 2421 1269 2476 exercitu
1298 2418 1357 2475 in
1386 2418 1647 2476 hibernis
1674 2418 2012 2495 composito,

137 2534 275 2574 eum
302 2512 594 2588 expeditis
639 2512 978 2569 cohortibus
1006 2520 1066 2570 et
1108 2521 1273 2588 parte
1303 2513 1590 2589 equitatus
1621 2512 2022 2588 proficiscitur²

135 2609 197 2666 in
218 2610 348 2664 loca
372 2607 515 2675 sola,
543 2607 843 2664 obsessum
872 2608 1079 2664 turrim
1133 2607 1370 2681 regiam,
1412 2626 1529 2681 quo
1557 2606 1843 2682 ,Iugurtha
1873 2627 2004 2684 per-

133 2701 303 2773 fugas
331 2698 511 2755 omnis
552 2698 902 2774 praesidium
948 2700 1327 2774 imposuerat.
1415 2697 1569 2755 Tum
1613 2718 1813 2757 rursus
1858 2698 2006 2758 Boc·

140 2790 308 2859 obus,
337 2808 443 2847 seu
472 2786 818 2866 reputando,
848 2811 995 2867 quae
1025 2791 1134 2847 sibi
1162 2792 1386 2849 duobus
1406 2791 1640 2866 praeliis
1657 2792 2004 2865 wveneraut,

139 2901 247 2940 seu
276 2883 594 2942 admonitus
625 2885 697 2942 ab
726 2884 957 2951 amicos,
982 2903 1126 2960 quos
1154 2884 1521 2959 incorruptos
1554 2883 1840 2958 Jugurtha
1868 2887 2005 2944 reli·

142 2984 370 3049 querat,
419 2995 492 3032 ex
537 2979 689 3032 omni
731 2978 901 3051 copia
948 2979 1415 3036 necessariorum
1467 2975 1722 3050 quinque
1766 2975 2004 3053 delegit,

145 3083 386 3141 quorum
437 3074 498 3123 et
542 3066 685 3122 fides
736 3068 978 3141 cognita,
1030 3079 1089 3127 et
1137 3064 1363 3143 in'genia
1404 3064 1768 3126 validissuma
1816 3075 2000 3140 erant,

145 3153 259 3216 Eos
286 3160 356 3217 ad
392 3158 658 3216 Marium.
709 3177 774 3216 ac
803 3160 957 3227 dein,
968 3161 1036 3216 si
1086 3161 1336 3235 placeat,
1388 3156 1625 3215 Romam
1665 3157 1881 3232 legatos
1907 3160 2002 3214 ire

136 3247 338 3321 jubet·
405 3248 750 3324 agendarum
798 3268 1018 3315 rerum,
1068 3260 1132 3309 et
1187 3268 1553 3327 quocumque
1611 3251 1778 3309 modo
1835 3248 1980 3304 belli

958 3339 1095 3397 M
1059 3343 1097 3376 c>
1183 3361 1190 3364 ·
