2259 3875
392 139 407 170 ἱ

316 240 402 298 22
890 241 1223 335 Samus-rn-
1237 241 1561 312 Gummi.

319 397 590 458 consules
607 398 922 461 ¹⁵dilectum
952 402 1238 473 habeant3
1285 400 1563 459 Antonius
1591 417 1725 466 cum
1748 397 2011 460 exercitu
2040 397 2190 460 Cati·

317 486 491 549 linam
517 494 793 570 persequi
822 501 1069 556 maturet
1095 517 1111 562 3
1158 493 1374 553 Cicero
1402 491 1532 549 urbi
1561 491 1853 564 praesidio
1883 492 2027 562 sit.”
2116 490 2189 550 En

318 587 662 659 tempestate
690 586 829 643 mihi
858 587 1169 662 imperium
1199 584 1395 662 populi
1449 583 1691 642 Romani
1720 588 1899 643 multo
1925 598 2189 642 maxume

316 674 648 736 miserabile
671 678 855 735 visum
887 701 900 736 :
947 680 1218 747 cuicum,
1242 679 1312 736 ad
1325 695 1595 735 ,occasum
1628 677 1698 733 ab
1728 684 1858 733 ortu
1885 676 2050 742 solis,
2081 692 2187 732 om·

315 768 410 828 nia
453 771 666 829 domita
710 759 880 828 armia
919 773 1253 846 ¹⁶paterent,
1296 771 1447 828 domi
1496 772 1676 826 otium
1719 776 1892 842 atque
1936 766 2188 834 divitiae,

315 879 468 936 quae
521 861 708 936 prima
754 855 1024 935 mortalea
1079 872 1304 938 putant,
1354 860 1680 919 adnuerunt
1706 882 1722 929 ;
1783 857 1955 915 fuere
2005 867 2189 916 tamen

316 952 475 1011 cives
497 953 595 1030 qui
614 972 804 1030 seque
823 950 1065 1031 remque
1078 954 1369 1030 publicam
1382 953 1677 1011 obstinatis
1692 951 1891 1018 animis
1907 950 2190 1026 perditum

313 1042 489 1103 irent.
575 1046 867 1124 Namque,
893 1048 1139 1106 “duobis
1161 1046 1345 1106 senati
1369 1046 1644 1114 decretis,
1663 1064 1738 1103 ex
1765 1039 1918 1102 tanta
1944 1044 2189 1102 multitu·

314 1133 472 1202 dine,
498 1155 693 1211 neque
733 1141 994 1212 praemio
1036 1141 1302 1197 inductus
1331 1138 1791 1212 conjurationem
1818 1134 2190 1217 patefecerat,

312 1242 507 1300 neque
536 1244 611 1283 ex
633 1229 836 1286 castris
859 1228 1144 1301 Catilinae
1175 1229 1479 1304 quisquam
1514 1225 1768 1284 omnium
1791 1224 2153 1286 discesserat
2178 1249 2188 1283 :

313 1322 468 1376 tanta
500 1317 589 1376 vis
616 1319 826 1389 morbi,
854 1321 936 1380 uti
978 1307 1161 1387 tabee,
1195 1320 1512 1395 plerosque
1542 1319 1757 1393 civium
1785 1317 2008 1377 animos
2036 1318 2191 1378 iuva·

313 1416 492 1468 serat.

269 1507 275 1513 ’
390 1500 697 1561 xxxvn.
733 1503 946 1570 quue
974 1505 1166 1563 solum
1191 1504 1307 1562 inis
1325 1504 1557 1563 ¹⁸aliena
1581 1523 1744 1563 mens
1767 1511 1914 1571 erat,
1937 1505 2037 1580 qui
2063 1522 2191 1565 con-

308 1593 417 1654 scii
429 1595 845 1673 conjurationis
871 1620 885 1668 3
910 1597 1015 1656 sed
1043 1598 1271 1656 omnino
1300 1605 1509 1655 cuncta
1536 1598 1769 1672 plebes,
1803 1615 2089 1656 novarum
2107 1615 2194 1655 re·

312 1705 440 1746 rum
483 1689 697 1759 studio,
726 1690 1012 1750 Catilinae
1051 1691 1285 1766 incepta
1327 1692 1623 1765 probabat.
1714 1691 1777 1748 ld
1803 1690 1992 1749 ¹⁹adeo
2034 1706 2195 1749 more

148 1790 161 1802 ‘
240 1805 251 1807 v
309 1795 422 1837 suo
438 1780 746 1842 videbatur
775 1781 992 1840 faeere.
1077 1782 1225 1841 Nam
1254 1800 1492 1859 semper
1519 1784 1580 1841 in
1608 1785 1866 1850 civitate,
1895 1783 2024 1859 quis
2055 1799 2195 1859 opes

310 1870 509 1928 nullae
536 1878 691 1941 sunt,
711 1871 917 1929 ”bonis
948 1870 1226 1943 invident,
1250 1876 1428 1941 malos
1457 1877 1741 1935 extollunt
1768 1900 1784 1947 ;
1828 1884 2035 1936 vetera
2062 1878 2194 1935 ode·

311 1979 404 2030 re,
432 1979 584 2022 nova
611 1970 891 2039 exoptant
921 1986 939 2035 ;
983 1965 1115 2022 odio
1143 1984 1379 2023 suarum
1407 1985 1607 2023 rerum
1627 1969 1839 2023 mutari
1868 1970 2060 2025 omnia
2081 1977 2196 2027 stu·

313 2054 454 2112 dent
478 2076 494 2122 ;
538 2057 710 2113 turba
737 2063 909 2131 atque
927 2041 1307 2116 seditionibus
1335 2057 1461 2115 eine
1478 2075 1621 2117 cura
1647 2057 1899 2124 aluntur,
1928 2061 2197 2133 qnoniam

312 2154 541 2221 egesta&
583 2146 755 2207 facile
786 2151 1031 2208 habetur
1057 2150 1183 2207 sine
1212 2151 1441 2207 damno·
1525 2150 1641 2207 sed
1682 2149 1900 2206 urbana
1924 2150 2196 2226 ²“plebem

312 2256 386 2296 ea
408 2256 553 2299 vero
600 2260 884 2318 praeceps
908 2243 1055 2300 ierat
1082 2241 1276 2299 multis
1302 2240 1378 2298 de
1406 2242 1639 2299 caussis.
1733 2241 1990 2303 Primum
2017 2245 2195 2303 omni·

306 2349 433 2403 um,
460 2333 559 2410 qui
592 2334 806 2410 ubique
839 2336 1054 2411 probro
1082 2343 1259 2412 atque
1303 2333 1618 2410 petulantia
1646 2349 1912 2393 maxume
1939 2344 2197 2410 praesta·

310 2425 449 2483 bant
474 2449 490 2498 ς
532 2428 671 2484 item
686 2426 783 2484 alii
809 2427 964 2503 22‘per
985 2429 1277 2487 dedecora
1301 2415 1653 2503 patrimoniis
1677 2429 1895 2487 amissis
1923 2450 1937 2499 ;
1970 2436 2196 2503 postre-

312 2520 649 2574 mor‘omnes
678 2538 820 2593 quos
864 2519 1138 2594 flagitium
1183 2531 1279 2580 aut
1307 2521 1526 2580 facinus
1569 2524 1737 2588 domo
1768 2522 2116 2594 expulerat3
2158 2519 2196 2577 ii

316 2605 584 2676 Romam,
613 2611 803 2680 ‚sicuti-
825 2610 881 2665 in
911 2613 1214 2681 sentinam,
1243 2615 1666 2671 confluxerant.
1755 2612 2004 2680 Deinde,
2034 2610 2196 2669 multi

313 2717 608 2761 memores
655 2702 922 2759 Sullanae
961 2704 1265 2766 victoriae.
1320 2706 1496 2780 quod.
1526 2724 1602 2762 ex
1640 2706 1964 2779 ”gregariis
2005 2705 2195 2764 militi·

312 2798 421 2857 bus
458 2799 605 2858 alios
654 2805 953 2856 senatores
1004 2800 1296 2867 videbant,
1327 2799 1468 2854 alios
1512 2798 1589 2854 ita
1619 2796 1854 2859 divites,
1883 2799 1969 2856 uti
1993 2798 2196 2874 ²³⁴regio

313 2890 472 2951 victu
500 2900 675 2969 atque
704 2893 863 2950 cultu
894 2900 1141 2948 aetatem
1172 2896 1428 2962 agerent.
1457 2888 1567 2945 sibi
1598 2886 1867 2962 quisque,
1896 2888 2195 2953 maiman-

315 2984 422 3039 mis
446 2985 659 3054 forent,
682 3003 756 3042 ex
784 2982 1025 3040 victoria
1058 2982 1190 3039 talia
1207 2981 1539 3056 sperabant.
1627 2978 1965 3048 Praeterea,
1986 2981 2194 3057 juveu-

315 3078 429 3142 tus,
454 3094 601 3148 quae
630 3080 687 3136 in
719 3077 891 3152 agris,
925 3092 1195 3131 manuum
1218 3075 1512 3140 mercede,
1541 3072 1792 3148 inopiam
1816 3075 2193 3140 toleraverat,

314 3166 556 3244 privatis
578 3178 751 3245 atque
783 3169 1029 3247 publicis
1058 3167 1451 3243 largitionibus
1480 3167 1691 3237 excita,
1718 3168 1998 3226 urbanum
2020 3167 2197 3225 otium

318 3260 540 3334 ingrato
561 3259 748 3334 labori
775 3262 1197 3336 praetulerant.
1271 3261 1384 3319 Eos
1406 3270 1581 3339 atque
1609 3261 1752 3319 alios
1778 3259 1957 3318 omnis
1981 3259 2196 3314 malum

321 3353 620 3425 publicum
647 3351 873 3410 alebat.'
929 3356 1060 3422 Quo
1081 3354 1269 3415 minus
1297 3356 1639 3425 mirandum,
1669 3353 1931 3412 homines
1953 3348 2192 3429 egentis,
