2259 3875
309 220 416 281 128
722 262 728 268 .
909 210 1590 281 senuerit-Iustinus.

298 370 383 431 uti
411 373 583 429 noctu
612 367 1155 443 proficiscerentur,
1182 371 1489 431 consilium
1515 368 1797 444 adprobat
1828 391 1843 427 z
1889 386 1957 431 ac
1984 374 2157 435 statim

313 461 526 521 milites
554 460 848 519 ³c0enatos
894 479 1051 531 esse,
1075 461 1135 521 in
1162 463 1365 521 castris
1393 461 1537 535 ignis
1566 479 1737 537 quam
1764 461 2160 523 creberrumos

299 553 453 623 fieri,
491 552 631 611 dein
653 553 864 628 ⁴prima
912 554 1106 630 vigilis
1151 554 1386 613 silentio
1432 552 1631 628 egredi
1650 553 1845 628 jubet.
1931 554 2163 633 Jamque

299 654 585 707 nocturno
626 643 840 705 itinere
883 645 1051 705 fessis
1096 646 1385 715 omnibus,
1431 645 1590 704 Sulla
1631 646 1858 721 pariter
1885 664 2015 705 cum
2044 658 2163 707 ortu

298 738 437 798 solis
458 744 648 796 castra
674 740 1016 807 metabatur,
1033 756 1168 796 cum
1195 739 1423 814 equites
1469 736 1661 795 Mauri
1683 738 1975 809 nunciant,
2003 747 2041 776 “
2068 739 2160 798 Ju-

294 830 564 907 gurtham
581 829 819 889 circiter
835 831 1008 889 duum
1030 831 1269 891 millium
1292 831 1602 891 intervallo
1629 839 1766 889 ante
1776 832 2159 893 consedisse?

299 922 470 993 Quod
500 929 803 999 postquam
823 922 1099 989 auditum,
1129 930 1251 979 tum
1293 939 1439 981 vero
1494 922 1699 997 ingens
1740 931 1927 982 metus
1954 931 2161 983 nostros

297 1014 554 1081 invadit:
600 1015 874 1083 credere,
922 1013 1180 1090 proditos
1209 1034 1243 1072 a
1289 1011 1543 1081 Voluce,
1573 1023 1635 1071 et
1682 1013 1903 1073 insidiis
1931 1017 2162 1075 circum-

297 1114 524 1166 ventos·
609 1110 697 1166 Ac
724 1106 918 1179 fuere,
944 1109 1042 1182 qui
1069 1106 1356 1176 dicerent,
1386 1107 1580 1165 ⁵manu
1623 1105 2046 1181 vindicandum,
2071 1124 2160 1165 ne·

299 1216 415 1275 que
444 1199 594 1274 apud
623 1200 785 1259 illum
810 1206 1030 1258 tuntum
1056 1200 1251 1259 scelus
1280 1200 1525 1258 inultum
1554 1200 2023 1276 relinquendum.

376 1286 567 1347 cvn.
612 1293 701 1347 Ar
731 1290 911 1353 Sulla,
954 1309 1281 1368 quanquam
1331 1292 1536 1353 eadem
1589 1292 1964 1358 aestumabat,
1984 1298 2161 1371 tamen

297 1383 371 1441 ab
400 1381 612 1459 injuria
636 1381 903 1443 Maurum
926 1382 1203 1458 prohibet
1236 1405 1254 1439 z
1296 1398 1432 1441 suos
1477 1385 1759 1447 hortatur,
1788 1386 1830 1415 ‘⁶
1855 1380 1947 1441 uti
1965 1380 2161 1439 fortem

298 1475 550 1535 animum
576 1487 856 1549 gererent
889 1474 1122 1550 :saepe
1150 1482 1318 1535 antea
1360 1476 1559 1550 paucis
1586 1473 1836 1535 strenuis
1867 1473 2161 1533 advorsum

297 1567 720 1627 multitudinem
747 1569 902 1625 bene
932 1578 1246 1642 pugnatum
1276 1588 1291 1624 ι
1341 1577 1554 1641 quanto
1581 1567 1692 1623 sibi
1719 1565 1775 1623 in
1800 1564 2024 1645 praelio
2065 1563 2158 1625 mi·

298 1677 405 1717 nus
433 1661 861 1736 pepercissent,
890 1668 1047 1717 tanto
1067 1662 1315 1719 tutiores
1335 1656 1464 1717 fere
1492 1679 1506 1717 z
1554 1675 1665 1714 nec
1694 1675 2037 1735 quemquam
2068 1658 2160 1713 de·

298 1769 461 1816 cere,
492 1752 591 1828 qui
634 1769 832 1809 manus
862 1752 1200 1817 armaverit,
1251 1753 1322 1807 ab
1351 1751 1588 1807 inermis
1631 1750 1877 1824 pedibus
1898 1748 2159 1807 auxilium

298 1851 535 1919 petere,
574 1844 635 1900 in
677 1863 943 1902 maxumo
986 1852 1144 1903 metu
1188 1844 1428 1901 “nudum
1468 1850 1531 1901 et
1577 1860 1817 1901 caecum
1857 1859 2075 1916 corpus
2101 1838 2159 1897 ad
2249 1858 2250 1911 ;

299 1935 481 1992 bostis
507 1937 817 1993 vortere.’'
905 1937 1136 1995 Deinde
1163 1934 1472 2004 Velocem,
1519 1937 1813 2011 ''quoniam
1842 1932 2072 1993 hostilia
2091 1931 2157 1991 fa·

299 2035 486 2093 ceret,
513 2045 841 2087 maxumum
861 2029 1073 2086 Jovem
1100 2031 1438 2093 obtestatus,
1464 2035 1526 2084 ut
1549 2029 1808 2091 ,sceleris
1830 2035 2006 2104 atque
2036 2042 2152 2104 per·
2247 2069 2248 2102 ἢ

299 2116 467 2177 fidiae
498 2118 716 2179 Bocchi
745 2121 908 2182 testis
951 2121 1200 2184 adesset,
1244 2119 1446 2174 castris
1476 2119 1640 2175 abire
1669 2119 1862 2193 jubet.
1954 2119 2062 2176 Ille
2088 2118 2152 2175 la·

300 2231 564 2271 crumans
593 2232 786 2278 orare
853 2221 973 2268 ‘ne
1002 2230 1073 2268 ea
1099 2209 1415 2267 crederet.
1463 2210 1606 2266 nihil
1637 2211 1769 2265 dolo
1791 2210 2030 2279 factum,
2055 2227 2149 2268 ma·

298 2305 383 2379 gis
406 2306 717 2362 calliditate
743 2302 1088 2376 Jugurthae,
1132 2301 1227 2358 cui
1270 2303 1592 2379 speculanti
1636 2302 1749 2361 iter
1773 2319 1946 2362 suum
1974 2300 2150 2390 cogni·

303 2405 426 2457 tum
455 2406 629 2457 esset.
710 2395 1035 2457 ⁸Ceterum.
1065 2397 1336 2472 quoniam
1363 2414 1556 2473 neque
1586 2398 1877 2471 ingentem
1905 2398 2147 2458 multitu·

170 2523 252 2552 ,κη
297 2489 492 2548 dinem
521 2491 789 2557 haberet,
816 2497 876 2546 et
898 2507 1033 2563 spes
1063 2507 1326 2565 opesque
1355 2488 1483 2565 ejus
1506 2507 1581 2547 ex
1625 2498 1788 2566 patre
1816 2508 1923 2547 suo
1946 2490 2147 2566 pende·

298 2588 453 2649 rent,
501 2582 664 2639 illum
711 2580 853 2637 nihil
886 2580 1070 2654 palam
1113 2599 1412 2648 ausurum,
1461 2601 1595 2642 cum
1648 2583 1773 2658 ipse
1820 2579 1972 2652 filius
2002 2580 2146 2642 testi!

296 2671 526 2732 adesset
554 2694 567 2730 ε
614 2689 794 2747 quare
836 2680 1134 2747 optumum
1162 2672 1376 2731 tactum
1411 2675 1617 2744 videri,
1658 2676 1792 2752 ⁹per
1817 2675 2007 2734 media
2033 2673 2145 2752 ejus

296 2772 486 2826 castra
513 2763 700 2839 palam
716 2764 1003 2822 transire‘:
1036 2763 1191 2834 sesb,
1216 2767 1312 2824 vel
1340 2767 1692 2840 praemissis,
1717 2768 1811 2824 vel
1836 2768 2046 2824 ibidem
2064 2780 2143 2826 re·

2243 2377 2246 2406 l

295 2859 445 2917 lictis
475 2855 718 2924 Mauris,
740 2858 927 2914 solum
952 2875 1087 2914 cum
1112 2858 1272 2912 Sulla
1300 2856 1581 2912 iturum.’'
1641 2856 1724 2914 Ea
1746 2876 1864 2926 res,
1888 2867 1954 2917 ut
1972 2861 2032 2917 iu
2059 2853 2141 2916 tali
2243 2883 2244 2904 κ

296 2951 550 3023 negotio,
597 2950 860 3026 probata,
889 2966 955 3005 ac
984 2949 1174 3004 statim
1229 2945 1516 3019 profecti:
1562 2947 1695 3022 quia
1726 2948 1801 3006 de
1839 2947 2136 3027 improviso
2243 2999 2244 3008 ,

296 3042 691 3114 ¹⁰aeciderant,
716 3042 892 3100 dubio
919 3050 1092 3115 atque
1124 3039 1441 3100 haesitante
1480 3038 1791 3115 Jugurtha,
1836 3042 2140 3106 incolumen
2243 3019 2244 3088 s

297 3139 617 3192 transeunt.
699 3134 927 3192 Deinde
974 3130 1175 3208 paucis
1215 3131 1440 3201 diebus,
1485 3153 1599 3212 quo
1638 3134 1728 3194 ire
1767 3133 2138 3199 intenderant,

297 3230 667 3299 perventum.

375 3312 593 3369 cvm.
637 3315 724 3371 lm
752 3335 883 3378 cum
912 3317 1148 3381 Boccho
1176 3318 1426 3380 Numida
1466 3321 1714 3402 quidam,
1755 3324 1935 3402 Aspar
1961 3312 2142 3377 nomi·
2241 3361 2242 3376 1
