2259 3875
278 238 283 248 ·
310 217 386 271 36
891 211 1207 272 Sumam
1244 210 1563 275 Canum.

309 384 506 424 nonum
530 384 949 440 runchNDAS,
977 385 1133 424 1rsos
1165 385 1276 424 vnn
1299 387 1606 431 uumciru
1639 391 1698 431 m
1730 386 2040 433 cusronus
2065 379 2155 424 lu·

309 476 536 515 nmmos
563 479 577 526 3
623 458 895 518 videlicet
918 459 1190 527 “timeum
1217 477 1315 526 ne,
1343 461 1391 517 si
1428 459 1646 522 Romae
1673 464 1808 534 sint,
1837 470 1932 523 aut
1955 482 1989 520 a
2012 466 2157 535 pop·

308 550 565 608 ularibus
613 550 1043 627 conjurationis,
1079 559 1176 608 aut
1215 551 1292 609 ¹”a
1332 555 1694 622 multitudine
1723 556 2027 621 conducta,
2064 563 2160 630 pel·

307 644 422 701 vim
452 645 797 723 eripiantur.
877 643 1052 713 Quasi
1099 661 1242 700 vero
1281 644 1410 702 mali
1454 654 1625 724 atque
1665 647 1898 707 scelesti
1935 652 2158 704 tantum·

307 740 474 795 modo
503 738 560 795 in
601 739 773 802 urbe,
801 742 861 793 et
899 752 1013 791 non
1043 753 1153 809 per
1178 743 1354 793 totam
1385 738 1601 797 Italiam
1629 739 1741 797 sint
1773 762 1790 811 ;
1834 746 1929 798 aut
1958 754 2072 795 non
2096 727 2160 791 ibi

304 828 437 904 plus
482 829 663 906 possit
708 826 964 893 audacia,
1008 826 1105 882 ubi
1149 826 1216 883 ad
1260 826 1682 887 defendendum
1709 848 1852 905 opes
1898 828 2158 885 minoret·

309 923 506 993 Quare
537 939 745 978 vanum
773 918 1041 994 equidem
1072 919 1183 975 hoc
1216 919 1540 990 consilium,
1569 923 1622 981 si
1652 922 1978 1002 periculum
2006 937 2085 978 ex
2110 914 2162 973 il·

314 1012 385 1071 lis
408 1014 614 1072 metuit
637 1035 652 1070 z
672 1031 679 1039 ·
696 1012 781 1069 sin
806 1012 861 1067 in
884 1017 1038 1067 tanto
1066 1010 1319 1068 omnium
1343 1020 1499 1071 metu
1525 1014 1684 1074 solus
1714 1033 1823 1073 nou
1853 1012 2039 1077 timet,
2065 1010 2163 1064 ⁹⁸00

306 1106 483 1184 magis
516 1105 702 1163 refert
729 1103 865 1162 mihi
889 1110 1063 1178 atque
1090 1104 1256 1161 vobis
1284 1105 1511 1163 timere.
1595 1108 1815 1177 Quare,
1844 1123 1975 1163 cum
2006 1104 2079 1160 de
2106 1098 2162 1156 P.

306 1194 555 1251 Lentulo
579 1197 911 1271 ceterisque
940 1193 1225 1259 statuetis,
1254 1213 1361 1268 pro
1380 1204 1543 1251 certo
1556 1196 1850 1262 habetote,
1880 1213 1983 1250 vos
2012 1188 2168 1263 simul

308 1285 381 1342 de
410 1286 673 1344 exercitu
698 1287 980 1345 Catilinae
1005 1290 1065 1341 et
1086 1283 1160 1339 de
1185 1285 1445 1340 omnibus
1485 1285 1796 1360 conjuratis
1824 1269 2167 1341 decernere.

303 1376 571 1448 ”Quanto
595 1396 697 1436 vos
720 1376 990 1435 attentius
1019 1393 1090 1431 ea
1118 1374 1320 1447 agetis,
1339 1383 1494 1433 tanto
1516 1375 1627 1432 illis
1650 1376 1870 1432 animus
1898 1374 2171 1432 infirmior

318 1469 435 1527 erit
462 1491 474 1526 :
519 1470 565 1526 si
594 1470 909 1546 paullulum
928 1465 1094 1525 modo
1116 1485 1219 1525 vos
1241 1466 1517 1543 languere
1549 1467 1815 1532 viderint,
1833 1466 1955 1542 jam
1978 1481 2172 1523 omnes

308 1560 538 1620 feroces
593 1564 854 1620 aderunt.
963 1559 1164 1619 Nolite
1220 1560 1589 1627 existumare,
1646 1559 1895 1635 majores
1951 1564 2170 1616 nostros

303 1651 539 1713 '‘max-mis
591 1653 1005 1731 rempublicam
1046 1672 1120 1711 ex
1170 1671 1347 1729 parva
1389 1665 1645 1728 magnam
1663 1650 1914 1728 ,ἷξε-ἱρῷ.
2002 1650 2064 1707 Si
2105 1650 2173 1707 ita

307 1763 402 1803 res
456 1754 634 1813 esset,
689 1748 868 1804 multo
924 1746 1399 1821 pulcherrumam
1445 1763 1575 1803 eam
1640 1762 1742 1801 nos
1783 1742 2169 1800 haberemus:

307 1836 526 1909 quippe
576 1838 864 1893 sociorum
913 1844 1086 1910 atque
1128 1838 1365 1906 civium,
1407 1849 1719 1912 praeterea
1765 1853 2060 1898 armorum
2103 1839 2174 1891 at·

308 1944 422 2000 que
473 1943 758 1999 equorum
804 1925 987 2000 major
1035 1926 1198 1982 nobis
1239 1926 1429 2001 copia,
1471 1947 1639 2000 quam
1684 1919 1819 1983 illis.
1905 1925 2022 1983 Sed
2076 1923 2178 1984 alia

305 2014 497 2085 fuere,
538 2035 689 2091 quae
723 2016 850 2073 illos
895 2034 1123 2090 magnos
1164 2015 1388 2084 secere,
1423 2017 1595 2091 ¹quae
1623 2016 1784 2074 nobis
1819 2016 1974 2074 nulla
2001 2025 2177 2087 sunt3

308 2106 459 2193 domi
480 2107 777 2178 industria,
807 2106 945 2167 foris
982 2111 1078 2184 jus
1091 2116 1216 2165 tum
1243 2107 1575 2183 imperium,
1600 2107 1843 2165 “animus
1881 2106 1941 2165 in
1969 2126 2178 2169 consu-

305 2201 478 2259 lendo
505 2203 679 2273 liber,
709 2220 902 2279 neque
926 2199 1161 2267 delicto,
1190 2194 1390 2277 neque¹
1409 2200 1648 2258 lubidini
1675 2202 1977 2259 obnoxius„
2067 2200 2181 2261 Pro
2247 2256 2248 2265 ,

307 2291 396 2350 his
425 2312 527 2375 nos
557 2292 834 2352 habemus
861 2292 1145 2351 luxuriam
1174 2300 1347 2369 atque
1377 2293 1670 2352 avaritiam
1695 2314 1710 2363 3
1751 2292 1988 2368 publice
2012 2311 2181 2368 eges·

305 2392 503 2456 tatem,
531 2387 799 2463 privatim
842 2385 1194 2462 opulentiam
1229 2408 1243 2458 ;
1288 2387 1579 2445 laudamus
1606 2385 1853 2455 divitiaS,
1881 2386 2184 2461 sequimur

306 2478 571 2538 inertiam
595 2504 610 2551 ;
653 2482 807 2540 inter
834 2482 1013 2537 bonos
1042 2488 1101 2538 et
1129 2480 1306 2538 malos
1355 2481 1662 2538 discrimen
1690 2480 1907 2538 nullum
1934 2501 1947 2549 ;
1991 2479 2185 2536 omnia

304 2569 534 2628 virtutis
564 2573 819 2646 praemia
871 2572 1103 2629 ambitio
1157 2574 1432 2648 possidet.
1516 2572 1728 2649 Neque
1777 2573 1987 2630 mirum
2019 2591 2034 2642 ;
2081 2570 2184 2629 ubi

304 2678 409 2718 vos
431 2662 739 2737 separatim
755 2665 868 2739 sibi
895 2663 1140 2739 quisque
1184 2667 1486 2724 consilium
1513 2666 1740 2740 capitis„
1769 2664 1865 2723 ubi
1894 2663 2048 2722 domi
2080 2682 2182 2723 vo-

302 2752 642 2831 luptatibus,
673 2755 767 2814 hic
821 2757 1127 2831 pecuniae,
1159 2765 1254 2815 aut
1278 2758 1497 2832 gratiae
1536 2756 1768 2813 servitis
1798 2778 1814 2811 .-
1857 2774 1932 2814 eo
1987 2755 2072 2826 fit,
2120 2764 2187 2814 ut

306 2848 556 2927 impetus
610 2848 710 2907 fiat
762 2850 823 2907 in
861 2850 1123 2909 3vacuam
1190 2847 1624 2922 rempublicam.
1706 2846 1818 2903 Sed
1872 2866 1980 2921 ego
2029 2850 2184 2909 haec

311 2942 532 3011 omitto.
644 2939 1051 3017 Conjuravere
1089 2938 1446 2998 nobilissumi
1474 2936 1633 2995 cives
1678 2935 1921 3013 patriam
1971 2932 2183 2998 inhen-

306 3024 495 3087 dere:
539 3033 844 3092 Gallorum
890 3022 1126 3108 gentem
1168 3029 1611 3088 infestissumam
1653 3028 1867 3086 nomini
1915 3027 2182 3089 Romano

308 3121 378 3179 ad
410 3112 623 3181 bellum
651 3135 951 3186 arcessunt
977 3150 990 3183 :
1033 3128 1151 3183 dux
1180 3123 1429 3181 hostium
1454 3122 1651 3197 ‘’supra
1678 3129 1852 3198 caput
1897 3128 1986 3180 est
2011 3143 2027 3179 z
2070 3138 2182 3180 vos

307 3215 650 3273 cunctamini
673 3218 842 3277 etiam
866 3237 1041 3286 nunc,
1060 3217 1198 3295 quid
1213 3216 1368 3274 intra
1387 3214 1613 3274 moenia
1633 3214 2010 3292 adprehensis
2035 3213 2182 3272 hos·

307 3300 458 3365 tibus
508 3301 776 3366 faciatis?
811 3308 1229 3372 ‘Misereamini
1257 3326 1468 3369 censeo
1497 3329 1513 3381 ;
1552 3304 1860 3386 deliquere
1907 3303 2182 3364 homines
