2259 3875
644 287 958 357 Samus‘ru
986 288 1332 357 Jueua‘rm»
1852 300 1927 358 93

61 455 198 513 runt.
280 443 486 512 Nostri
528 453 719 529 primo
755 454 1072 513 resistere:
1117 440 1357 521 deinde,
1392 449 1491 509 ubi
1527 448 1717 510 ⁸⁸uuae
1752 460 1924 533 atque

44 543 269 605 ‚alterae
342 545 534 603 scalae
582 546 989 614 comminutae,
1040 546 1141 622 qui
1195 548 1662 620 supersteterant
1711 542 1923 605 adflicti

61 644 178 694 sunt
207 658 224 709 ;
271 636 486 705 ceteri,
511 637 790 713 ⁰⁹quoqno
817 636 985 694 modo
1013 644 1286 713 potuere,
1317 636 1486 714 pauci
1514 633 1750 710 integri,
1780 648 1926 711 mag-

60 742 118 791 na
164 744 303 804 pars
331 727 585 788 consecti
631 728 967 790 volneribus
995 733 1230 790 abeunt.
1317 730 1592 807 Denique
1636 728 1933 804 utrimque

57 819 333 895 praelium
356 839 468 877 nox
488 820 740 880 diremit.

123 910 281 969 LXI.
327 908 680 984 Mna-Eune,
723 923 1027 992 postquam
1052 917 1213 975 videt
1239 872 1455 976 frustra
1480 916 1801 990 inceptum,
1831 930 1932 971 ne·

60 1019 162 1077 que
192 1005 464 1080 oppidum
492 1007 646 1081 capi,
675 1025 869 1082 neque
909 1006 1277 1087 Jugurtbam,
1306 1009 1414 1065 nisi
1451 1026 1524 1065 ex
1565 1005 1808 1075 insidiis,
1838 1006 1935 1062 aut

59 1090 194 1151 ⁷⁰suo
222 1097 352 1154 loco
394 1117 644 1172 pugnam
672 1097 893 1167 facere,
924 1108 985 1157 et
1020 1099 1144 1176 jam
1171 1106 1449 1156 aestatem
1478 1106 1740 1155 exactam
1769 1114 1928 1168 esse,

62 1187 124 1242 ab
165 1185 342 1246 Zama
370 1190 654 1262 discedit3
699 1198 758 1249 et
783 1191 844 1248 in
884 1191 974 1249 his
1004 1191 1267 1260 urbibus,
1311 1206 1460 1266 quae
1490 1188 1559 1246 ad
1601 1207 1665 1247 se
1692 1186 1929 1248 defece·

60 1290 196 1346 rant,
223 1280 476 1357 satisque
505 1282 757 1340 munitae
785 1283 938 1351 loco,
969 1291 1068 1340 aut
1092 1283 1395 1361 moenibus
1425 1269 1613 1350 erant,
1641 1281 1930 1358 praesidia

59 1368 302 1446 imponit.
387 1364 714 1434 ”Ceterum
739 1375 1071 1434 exercitum
1098 1375 1157 1434 iu
1186 1375 1726 1454 provinciamquua
1753 1394 1927 1451 prox-

62 1481 180 1522 uma
205 1464 651 1526 est—Numidiae
695 1469 995 1528 hiemandi
1035 1472 1219 1544 gratia
1263 1469 1530 1527 collocat.
1615 1467 1840 1543 Neque
1870 1468 1928 1526 id

64 1561 292 1632 tempus,
322 1577 397 1616 ex
440 1561 685 1629 aliorum
715 1572 901 1630 more,
930 1561 1135 1637 quieti,
1181 1568 1279 1620 aut
1315 1561 1581 1619 luxuriae
1612 1560 1882 1618 concedit
1909 1582 1925 1621 ι

64 1649 172 1716 sed,
212 1651 485 1725 quoniam
524 1652 698 1710 armis
751 1653 973 1710 bellum
1026 1672 1231 1729 parum
1276 1652 1655 1728 procedebat,
1696 1651 1928 1710 insidias

65 1741 169 1815 regi
197 1761 308 1818 per
334 1743 549 1800 amicos
579 1744 846 1810 tendere,
876 1752 938 1802 et
965 1763 1178 1805 eorum
1220 1744 1464 1820 perfidia
1504 1763 1613 1822 pro
1643 1744 1815 1802 armis
1846 1742 1929 1802 uti

62 1840 226 1906 parat.
311 1834 497 1909 Igitur
524 1833 932 1903 Bomilcarem,
959 1837 1058 1911 qui
1102 1835 1323 1895 Romae
1360 1855 1494 1895 cum
1523 1834 1812 1909 Jugurtha
1839 1835 1926 1895 fu-

63 1933 193 1996 erat,
221 1934 279 1986 et
305 1928 465 1994 inde,
495 1929 735 1986 vadibus
759 1927 926 1999 datis,
954 1929 1103 1988 clam
1130 1928 1420 1990 Massivae
1445 1931 1519 1990 de
1546 1948 1693 1990 nece
1709 1929 1926 2006 judici·

63 2035 145 2075 um
167 2018 416 2095 fugerat,
460 2022 612 2097 quod
656 2022 711 2078 ei
751 2021 906 2096 ”per
946 2042 1268 2080 maxumam
1306 2016 1633 2087 amicitiam,
1662 2042 1930 2082 maxuma

60 2112 216 2186 copia
238 2111 474 2171 fallendi
502 2121 651 2180 erat,
680 2114 870 2170 multis
896 2113 1406 2189 pollicitationibus
1436 2112 1772 2187 adgreditur
1798 2135 1814 2180 ς
1856 2132 1926 2171 ae

58 2201 229 2276 primo
250 2203 446 2273 efficit,
477 2206 560 2263 uti
588 2204 658 2261 ad
690 2221 755 2260 se
786 2204 1159 2279 colloquendi
1187 2204 1367 2278 gratia
1399 2204 1660 2261 occultus
1684 2202 1879 2259 veniat
1907 2223 1922 2258 :

57 2290 316 2351 dein‘fide
357 2298 509 2361 data,
536 2306 576 2329 ⁴·
602 2298 652 2350 si
687 2295 1031 2367 Jugurtham
1072 2297 1273 2351 vivum
1316 2303 1412 2352 aut
1441 2304 1711 2351 necatum
1750 2292 1924 2349 tradi-

59 2383 240 2453 disset,
263 2385 415 2451 sore,
444 2393 508 2440 ut
536 2385 618 2440 illi
646 2393 879 2441 senatus
907 2385 1329 2458 impunitatem,
1352 2393 1415 2441 et
1440 2402 1544 2441 sua
1570 2384 1761 2441 omnia
1787 2403 1923 2441 con-

59 2475 349 2545 cederet,”
379 2472 551 2532 facile
599 2473 888 2531 Numidae
929 2474 1267 2548 persuadet,
1294 2493 1426 2531 cum
1470 2474 1698 2549 ingenio
1726 2474 1922 2545 infido,

59 2573 161 2627 tum
204 2568 509 2635 metuenti,
560 2584 661 2630 ne,
705 2565 750 2621 si
791 2584 903 2641 pax
930 2585 1062 2624 cum
1108 2566 1380 2624 Romanis
1408 2566 1599 2639 tieret,
1643 2567 1769 2645 ipse
1815 2588 1924 2646 pet·

61 2662 402 2719 conditiones
430 2658 498 2717 ad
529 2659 883 2734 supplicium
909 2659 1267 2720 traderetur.

117 2747 301 2812 LXlI.
338 2753 431 2820 ¹1³,
461 2752 558 2810 ubi
589 2753 837 2828 primum
863 2762 1279 2831 opportunum,
1321 2754 1355 2809 J
1363 2755 1665 2831 ugurtham
1693 2756 1922 2814 anxium

60 2860 114 2903 ae
149 2846 518 2906 miserantem
546 2844 800 2904 fortunas
829 2866 962 2905 suas
990 2848 1213 2906 accedit
1238 2849 1272 2907 ε’
1298 2858 1491 2907 mouet
1532 2857 1703 2924 atque
1734 2848 1920 2902 lacru-

61 2951 195 2995 mans
236 2940 575 3008 obtestatur,
620 2948 661 2974 “
691 2944 770 2999 uti
800 2942 1107 3016 aliquando
1154 2942 1264 2999 sibi
1315 2942 1634 3017 liberisque
1664 2946 1725 2995 et
1763 2937 1921 3012 genti

64 3024 442 3102 Numidarum,
470 3039 708 3107 optume
746 3037 1020 3102 merenti,
1052 3036 1400 3109 provideat:
1443 3032 1708 3091 omnibus
1751 3049 1920 3107 prae·

62 3117 133 3180 liis
177 3142 310 3183 sese
338 3123 546 3192 victos„
586 3144 796 3200 agrum
825 3134 1126 3196 vastatum,
1177 3128 1383 3185 multos
1433 3124 1689 3183 mortalis
1719 3133 1919 3201 captos

62 3221 140 3272 aut
163 3216 411 3281 occisos,
443 3215 606 3288 regni
633 3236 777 3292 opes
805 3218 1180 3278 comminutas
1210 3237 1341 3275 esse
1374 3239 1387 3274 ε
1433 3215 1566 3273 satis
1596 3233 1777 3292 saepe
1794 3216 1921 3290 jam

62 3306 403 3368 etvirtutem
447 3308 712 3380 militum,
741 3292 802 3367 et
827 3308 1110 3370 fortunam
1158 3316 1471 3367 tentatam:
1517 3314 1775 3372 caveret,
1819 3317 1915 3368 ne,

60 3391 145 3456 iste
171 3408 506 3471 cunctante,
533 3397 954 3460 Numidaoeeibi
984 3400 1351 3464 consulaut.’'
1433 3400 1544 3461 His
1573 3409 1745 3474 atque
1775 3396 1913 3452 tali-

1543 3491 1648 3600 Ι
