2259 3875
257 271 266 277 ’
295 293 377 348 20
893 287 1212 349 SALLusrn
1243 288 1562 364 Ouxama.

290 447 498 522 parent
526 464 539 502 ε
570 460 701 503 sese
723 444 953 523 “prope
975 446 1129 507 diem
1151 464 1283 506 cum
1304 465 1505 523 magno
1530 446 1796 506 exercitu
1822 444 1932 506 ⁸⁵ad
1954 448 2161 507 urbem

288 553 679 596 accessurum.
768 538 919 596 Dum
949 540 1093 598 haec
1116 539 1336 599 Romae
1380 546 1688 615 geruntur,
1709 539 1781 597 C.
1812 540 2062 600 Manlius
2091 558 2161 600 ex

287 647 392 689 suo
418 648 663 689 numero
691 629 762 689 ad
788 629 1072 690 Marcium
1102 631 1326 709 Regem
1345 632 1535 702 mittit,
1560 632 1736 692 “cum
1758 633 2036 692 mandatis
2058 634 2160 691 hu

279 722 665 798 juscemodi.

363 815 728 873 XXX111.“
761 815 921 876 Deos
950 817 1334 910 hominesque
1356 825 1658 888 testamur,
1687 816 2031 898 imperator,
2062 832 2162 876 nos

286 924 444 966 arma
473 925 669 985 neque
699 918 898 974 eontra
930 911 1173 986 patriam
1201 912 1452 987 cepisse,
1471 928 1665 986 neque
1694 927 1807 987 quo
1836 909 2165 1013 periculum

292 999 556 1059 “homini
583 998 931 1072 faceremus,
960 1003 1063 1062 sed
1091 1003 1179 1062 uti
1204 1019 1458 1080 corpora
1496 1009 1693 1062 nostra
1719 1002 1826 1061 ab
1812 1002 2025 1077 injurIa
2050 1010 2166 1062 tuta

290 1089 484 1150 forent
510 1115 525 1163 3
557 1094 657 1169 qui
680 1095 900 1165 miseri,
920 1104 1182 1171 egentes,
1197 1094 1477 1155 violentia
1497 1103 1672 1171 atque
1687 1094 2033 1154 crudelitate
2047 1095 2147 1153 foe

284 1190 641 1260 neratorum,
671 1182 941 1262 plerique
970 1187 1219 1260 patriae,
1271 1187 1375 1243 sed
1398 1202 1598 1242 omnes
1624 1184 1814 1242 aafamia
1841 1194 2018 1261 atque
2047 1186 2164 1247 for·

285 1275 457 1345 tuniS,
506 1283 784 1350 expertes
830 1293 1034 1359 ‘sumus
1069 1296 1082 1332 ε
1126 1292 1323 1351 neque
1371 1276 1642 1351 cuiquam
1689 1283 1950 1333 nostrum
1975 1275 2164 1349 licuit,

285 1385 449 1426 more
476 1367 779 1444 majorum,
807 1367 980 1444 ”lege
1008 1368 1115 1437 uti,
1158 1386 1376 1445 neque,
1405 1367 1611 1427 amisso
1657 1367 2027 1446 patrimonio,
2053 1369 2164 1429 ⁹⁰11-

285 1455 495 1519 berum
523 1479 740 1538 corpus
770 1461 992 1521 habere
1014 1483 1030 1533 3
1050 1467 1230 1521 'tanta
1256 1461 1498 1521 saevitia
1523 1460 1959 1522 foeneratorum
1988 1470 2164 1546 atque
2241 1475 2242 1478 ’

283 1554 575 1629 praetoris
600 1553 727 1613 fuit.
813 1555 1004 1632 Saepe
1054 1555 1307 1633 majores
1350 1563 1632 1625 vestrum,
1679 1555 1923 1614 miseriti
1971 1556 2164 1630 plebis

284 1643 600 1719 Romanae,
626 1647 882 1708 decretis
910 1648 1032 1707 suis
1059 1649 1293 1725 inopiae
1315 1649 1585 1725 opitulati
1637 1645 1770 1707 sunt
1810 1650 1823 1705 ἐ
1870 1665 1940 1707 ac
1969 1650 2162 1708 novis-

291 1757 480 1810 sume,
508 1743 788 1801 memoria
817 1751 1034 1815 nostra,
1061 1751 1309 1819 propter
1337 1742 1762 1819 magnitudinen
1783 1741 1936 1801 aeris
1963 1742 2160 1810 alieni,

286 1831 618 1889 volentibus
673 1835 934 1891 omnibus
984 1835 1174 1907 bonis,
1198 1836 1543 1909 ⁹¹argeutum
1589 1854 1728 1894 aere
1771 1836 2020 1894 solutum
2051 1841 2161 1893 est.

287 1920 475 1998 Saepe
500 1923 627 1998 ipsa
664 1924 891 1999 plebes,
923 1932 1020 1982 aut
1046 1925 1386 1983 dominandiv
1406 1926 1596 1984 studio
1627 1934 1914 2000 permota,
1943 1933 2043 1985 aut
2068 1946 2162 1985 su-

287 2017 491 2100 perbia
518 2017 971 2092 magistratuum,
998 2026 1217 2077 armata
1243 2039 1276 2075 a
1321 2019 1582 2094 patribus
1611 2017 1873 2075 secessit.
1956 2018 2031 2073 At
2058 2038 2168 2077 nos

284 2127 398 2167 non
420 2109 730 2186 imperium
751 2130 943 2189 neque
972 2111 1198 2170 divitias
1218 2111 1488 2186 petimus»,
1507 2129 1753 2186 quarum
1774 2127 1973 2169 rerum
1995 2129 2166 2173 caus·

285 2222 348 2262 sa
375 2203 528 2262 belia
556 2211 729 2279 atque
759 2203 1074 2262 certamina
1100 2203 1290 2262 omnia
1337 2204 1493 2261 inter
1540 2202 1810 2261 mortalia
1841 2210 1973 2262 sunt
1995 2225 2013 2259 .·
2057 2207 2164 2265 sed

285 2294 633 2365 libertatem,
662 2315 833 2371 quam
884 2313 1054 2352 nemo
1079 2295 1333 2364 ”bonum
1382 2296 1492 2352 nisi
1540 2313 1674 2354 cum
1727 2295 1914 2353 anima
1967 2296 2161 2366 simul,

283 2389 513 2451 amittit.
594 2387 689 2448 Te
714 2396 889 2466 atque
916 2399 1179 2448 senatum
1207 2390 1583 2460 obtestamur,
1610 2384 1962 2469 ⁹³c‘onsu1atis
1988 2390 2159 2448 mise·

229 2499 234 2505 ·
283 2482 363 2539 ris
385 2482 609 2541 civibus
637 2505 654 2554 ;
696 2483 840 2559 legis
862 2481 1236 2560 praesidium,
1257 2483 1408 2560 quod
1432 2482 1701 2561 iniquitas
1722 2480 2012 2558 praetoris
2041 2483 2157 2542 eri·

284 2571 432 2648 puit,
458 2573 770 2631 restituatis
804 2597 818 2631 ε
866 2593 1016 2632 neve
1048 2593 1179 2633 eam
1223 2577 1716 2636 necessitudinem
1743 2571 2162 2650 imponatis,·ut

286 2682 650 2742 quaeramus,
677 2665 970 2786 94(Ῑιιοξηιῐιτι
994 2667 1168 2725 modo
1196 2667 1300 2724 ulti
1346 2686 1614 2727 maxume
1662 2666 2000 2744 sanguinem
2025 2685 2155 2725 nos-

285 2765 438 2818 trum
468 2758 825 2833 pereamus)

359 2849 634 2909 XXXIV.
681 2851 771 2908 An
821 2852 966 2910 haec
991 2852 1063 2924 Q.
1112 2851 1462 2912 ⁹⁵Marcius.
1509 2860 1524 2887 ‘
1558 2852 1616 2907 Si
1667 2850 1805 2924 quid
1854 2852 1924 2907 ab
1952 2859 2157 2911 senatu

284 2950 490 3017 petere
518 2944 762 3014 vellent,
800 2944 916 3003 ⁹⁸ab
968 2945 1142 3004 armis
1195 2944 1516 3010 discedant,
1566 2942 1805 2999 Romam
1853 2943 2157 3017 supplices

284 3026 727 3110 proficiscantur
754 3059 767 3096 ε
803 3055 874 3096 ea
900 3037 1338 3098 mansuetudine
1361 3043 1535 3110 atque
1563 3033 1966 3093 misericordia
1992 3034 2152 3095 sena·

285 3134 404 3186 tum
434 3131 829 3209 populumque
862 3131 1177 3191 Romanum
1224 3145 1461 3203 semper
1480 3126 1687 3197 fuisse,
1716 3134 1780 3185 ut
1828 3147 1999 3191 nemo
2028 3146 2148 3186 um·

285 3237 453 3294 quam
476 3220 547 3276 ab
574 3237 645 3277 eo
672 3222 888 3282 frustra
934 3221 1212 3281 auxilium
1237 3221 1585 3296 petiverit-’³
1688 3222 1764 3279 At
1792 3219 2039 3281 Catilina
2068 3218 2142 3279 'ex
2185 3280 2192 3283 .

284 3309 495 3370 itinere
523 3311 821 3388 plerisque
842 3315 1262 3382 consularibus.
1286 3324 1598 3392 praeterea
1614 3314 1891 3391 ”optumo
1913 3311 2146 3388 cuique,

284 3394 506 3463 litteras
558 3403 729 3465 mittit
758 3425 772 3462 :
840 3414 878 3442 “
923 3424 989 3466 se
1054 3407 1213 3469 falsis
1276 3409 1613 3471 criminibus
1666 3407 2144 3475 circumventum,
