2259 3875
642 224 961 283 Samus-ru
993 223 1311 288 Cumas.
1417 297 1420 300 .
1842 234 1919 292 35
1967 269 1980 275 -

65 382 185 461 quid
229 381 293 442 in
341 378 458 440 illis
505 383 836 449 statuamus,
883 380 1237 440 consultare.
1320 379 1472 440 Nam
1519 384 1758 446 ⁷⁹cetera
1798 393 1920 447 tum

62 475 472 552 ''persequarffi
507 470 604 530 ubi
631 470 777 530 sacta
798 478 968 534 sunt·
1014 473 1151 541 hoc,
1177 474 1283 532 nisi
1312 473 1639 558 provideris
1665 496 1738 535 ne
1767 480 1918 539 acci-

64 566 164 646 dat,
195 567 297 625 ubi
325 564 550 634 evenit,
576 563 789 623 frustra
812 564 1064 639 ”judicia
1092 565 1406 642 implores3
1446 574 1616 642 capta
1642 569 1814 640 urbe,
1835 573 1920 629 ni·

67 637 137 716 hil
162 643 222 718 fi‘t
263 658 478 735 reliqui
506 655 692 715 victis.
777 656 913 726 Sed,
956 675 1068 733 per
1101 658 1243 716 deos
1272 658 1639 719 immortalis!
1683 677 1788 717 vos
1818 678 1922 735 ego

67 745 306 842 adpelle,
337 749 436 827 qui
464 765 705 825 semper
731 749 951 814 domos,
979 749 1168 819 villas,
1197 747 1376 825 signa,
1402 751 1663 810 ”tabulas
1704 758 1926 809 vestras

67 833 261 918 pluris,
288 860 460 920 quam
506 840 923 917 rempublicam
950 839 1215 902 fecistis.
1257 844 1305 900 si
1349 844 1475 913 ista,
1504 844 1926 921 cujuscumque

64 928 209 993 modi
254 936 385 1010 sint,
416 952 565 1010 quae
609 933 1074 1008 ¹³³³amplexamini.
1126 935 1405 1002 retinere,
1447 936 1495 993 si
1535 937 1927 1011 voluptatibus

66 1025 270 1087 vestris
299 1026 471 1084 otium
517 1026 808 1101 praebere
837 1027 1056 1096 voltis,
1043 1049 1056 1062 ·
1102 1027 1569 1102 expergiscimini
1599 1029 1929 1106 aliquando,

65 1125 118 1177 et
141 1115 465 1194 ²³⁴capessite
486 1116 921 1221 rempublicam.
1005 1117 1183 1175 ²³⁵Non
1207 1119 1402 1193 agitur
1428 1119 1502 1177 de
1531 1120 1929 1195 vectigalibus,

66 1227 166 1267 non
195 1211 266 1266 de
295 1208 581 1267 sociorum
624 1209 890 1286 injuriis:
936 1210 1171 1267 libertas
1205 1218 1265 1268 et
1291 1210 1476 1269 anima
1504 1220 1699 1270 nostra
1737 1212 1796 1269 in
1824 1213 1926 1269 du-

64 1299 149 1358 bio
170 1306 277 1358 est.
323 1293 780 1382 Saepenumero,
811 1300 1015 1358 Patres
1046 1301 1389 1377 conscripti,
1419 1303 1595 1359 multa
1622 1304 1803 1362 verba
1827 1303 1928 1360 ⁸⁶in

68 1391 166 1450 hoc
193 1391 396 1450 ordine
423 1390 581 1462 feci3
629 1410 805 1469 saepe
849 1394 921 1449 de
963 1393 1192 1452 luxuria
1220 1403 1394 1470 atque
1438 1393 1676 1452 avaritia
1699 1407 1924 1452 nostro-

69 1502 182 1543 rum
228 1484 443 1542 civium
472 1492 712 1561 questus
768 1503 919 1554 sum,
963 1486 1292 1562 multosque
1342 1486 1596 1544 mortalis
1626 1505 1697 1544 ea
1726 1505 1928 1545 caussa

71 1575 327 1634 advorsos
358 1576 546 1635 habeo
578 1597 594 1648 3
637 1576 778 1652 ”qui
808 1576 944 1634 mihi
974 1583 1147 1652 atque
1176 1578 1363 1635 animo
1392 1596 1526 1635 meo
1567 1577 1779 1635 nullius
1807 1596 1930 1635 um-

71 1657 446 1745 quam'delicti
473 1667 713 1744 gratiam
743 1668 1031 1736 fecissem,
1063 1670 1213 1726 baud
1238 1668 1409 1727 facile
1434 1670 1671 1728 alterius
1693 1670 1933 1736 lubidini

72 1761 354 1821 malefacta
379 1761 794 1819 condonabam.
880 1761 1015 1829 Sed,
1042 1780 1112 1818 ea
1139 1762 1361 1819 tametsi
1391 1780 1494 1821 vos
1516 1763 1682 1839 parvi
1713 1764 1931 1840 pende·

69 1852 227 1923 batis,
278 1862 471 1912 tamen
513 1852 844 1931 respublica
882 1852 1086 1924 firma3
1142 1854 1478 1929 83opulentia
1517 1855 1933 1931 neglegentiam

69 1948 355 2009 tolerabat.
439 1945 495 2004 N
500 1967 610 2006 unc
638 1966 781 2008 vero
810 1968 919 2008 non
944 1949 1000 2006 id
1023 1950 1227 2024 agitur,
1245 1948 1449 2008 ⁸⁹bonis
1470 1968 1539 2009 an
1564 1950 1723 2008 malis
1754 1949 1927 2009 mori-

68 2039 156 2111 bus
184 2042 445 2099 vivamus
482 2063 498 2114 ;
540 2059 738 2116 neque
769 2049 1066 2118 quantum,
1096 2047 1194 2098 aut
1220 2060 1393 2116 quam
1435 2042 1795 2117 magnificum
1826 2042 1929 2100 im·

69 2134 282 2207 perium
328 2134 528 2209 populi
570 2133 854 2193 Romani:
898 2135 1042 2193 ⁹⁰sed
1071 2136 1238 2210 cujus
1281 2136 1427 2192 haec
1468 2153 1717 2209 cumque
1758 2135 1935 2201 modi,

68 2234 270 2297 nostra,
301 2245 370 2284 an
403 2226 701 2284 nobiseum
746 2245 881 2298 una,
920 2227 1172 2284 hostium
1201 2224 1397 2284 futura
1436 2226 1567 2282 sint.
1651 2223 1765 2281 Hic
1795 2222 1936 2280 mihi

69 2318 355 2394 quisquam
376 2318 873 2376 mansuetudinem
903 2326 962 2374 et
992 2317 1455 2376 misericordiam
1483 2316 1785 2374 nominat?
1814 2316 1939 2388 jam

69 2408 283 2484 pridem
324 2405 594 2481 equidem
640 2428 740 2466 nos
787 2426 934 2465 vera
981 2425 1183 2463 rerum
1227 2406 1554 2462 ”vocabula
1598 2404 1885 2461 amisimus
1921 2428 1935 2475 3

72 2502 182 2576 quia
224 2502 381 2557 bona
409 2497 594 2556 aliena
624 2498 844 2571 largiri,
875 2496 1191 2553 liberalitas
1222 2517 1236 2565 ;
1282 2495 1567 2551 malarum
1612 2513 1811 2554 rerum
1840 2515 1937 2559 au·

73 2592 240 2661 dacia,
270 2589 546 2648 fortitudo
576 2595 819 2647 vocatur
851 2608 864 2644 ε
908 2586 1026 2644 ⁹2eo
1070 2585 1403 2662 respublica
1429 2585 1484 2644 in
1515 2594 1780 2646 extremo
1807 2589 1934 2649 sita.

74 2684 173 2747 Sint
202 2700 369 2759 sane,
399 2684 668 2757 quoniam
695 2683 775 2740 ita
802 2699 867 2738 se
898 2698 1090 2737 mores
1120 2680 1356 2749 habent,
1388 2679 1663 2739 liberales
1687 2700 1761 2740 ex
1789 2683 1938 2740 soci-

74 2784 221 2840 ot‘nm
254 2776 521 2849 fortunis,
552 2777 662 2836 sint
689 2773 1102 2834 misericordes
1124 2773 1226 2830 93ὶιι
1264 2771 1492 2831 furibus
1526 2774 1736 2833 aerarii
1766 2798 1778 2830 :
1822 2775 1939 2833 94ηε

72 2870 291 2931 illisan
190 2892 291 2931 san
335 2871 527 2930 uinem
555 2877 814 2929 nostrum
844 2866 1180 2943 largiantur,
1198 2873 1280 2936 et,
1305 2865 1436 2923 dum
1464 2867 1663 2942 paucis
1685 2866 1940 2925 scelera·

76 2944 187 3036 tis,
192 2982 267 3041 pa
326 2965 457 3037 bnt,
490 2966 673 3024 bonos
716 2961 898 3021 omnis
927 2961 1218 3039 perditum
1246 2967 1401 3019 eant.
1492 2960 1657 3018 Bene
1700 2966 1759 3016 et
1785 2978 1937 3021 com-

76 3056 261 3130 posite
284 3056 357 3115 C.
376 3058 598 3116 Caesar
625 3056 818 3133 paullo
838 3062 969 3113 ante
991 3054 1052 3111 in
1077 3054 1188 3110 hoc
1209 3052 1412 3111 ordine
1435 3052 1509 3110 de
1529 3051 1649 3108 vita
1668 3058 1730 3109 et
1753 3063 1941 3115 morte

75 3148 355 3220 disseruit,
381 3149 544 3220 falsa,
574 3147 776 3218 credo,
808 3146 1189 3215 existumans,
1221 3164 1369 3221 quae
1396 3145 1470 3201 de
1497 3141 1698 3202 inferis
1724 3162 1937 3205 memo-

74 3246 299 3303 uur-
286 3286 302 3315 ‚
342 3239 617 3299 ⁰⁵diverso
638 3239 848 3297 itinere
877 3237 1054 3295 malos
1082 3256 1116 3296 a
1142 3236 1306 3294 bonis
1336 3236 1464 3293 loca
1501 3239 1674 3309 ἰείη,
1701 3235 1936 3304 inculta,

68 3326 430 3413 fossamque
457 3330 823 3392 formidolosa
850 3329 1089 3389 habere.
1178 3329 1379 3407 Itaque
1405 3330 1630 3387 censuit
1658 3342 1937 3384 neumas
