2259 3875
746 273 1059 338 Samsru
1087 273 1430 335 Jnonarm.
1936 277 2012 337 8⁸7

149 425 198 488 ri
225 452 241 503 ς
280 427 528 499 verituS,
554 447 631 490 ne
656 431 905 508 legatus,
923 434 1153 508 cognita
1173 450 1264 501 re,
1291 426 1680 513 laborantibus
1700 432 1819 491 suis
1847 432 2010 493 auxi·

147 519 222 579 lio
250 519 435 599 foretss
449 521 656 594 aciem,
676 542 855 600 quam
901 525 1164 582 diffidens
1194 522 1394 582 virtuti
1437 521 1683 579 militum
1704 523 1870 583 1²arte
1894 535 2009 587 sta-

142 600 360 685 tuerat,
389 614 505 694 q‘uo
536 617 785 675 hostium
813 616 1009 681 itineri
1037 616 1340 681 obtineret,
1382 613 1553 672 latius
1582 611 1824 688 porrigit
1849 627 1880 715 j
1909 635 2008 676 ρο.

142 724 263 781 que
292 709 463 766 modo
493 708 558 766 ad
593 707 789 766 Rutilii
819 715 1010 766 castra
1037 707 1322 783 procedit.
1333 724 1370 787 f

218 799 383 856 Llll.
428 799 665 857 Roman
697 817 772 856 ex
800 800 1114 876 improviso
1145 798 1407 874 pulveris
1452 798 1569 855 vim
1609 814 1868 871 magnam
1896 798 2014 855 ani-

145 891 537 961 madvortunt,
562 910 691 949 nam
713 893 1133 967 ¹³prospectum
1152 910 1291 965 ager
1318 890 1565 948 arbustis
1594 890 1855 947 consitus
1884 906 2018 964 pro·-

147 981 401 1041 hibebat.
485 983 560 1041 Et
601 984 791 1062 primo
840 985 948 1042 rati
997 986 1232 1042 humum
1280 984 1495 1040 aridam
1543 993 1720 1042 vento
1770 981 2010 1055 agitari:

149 1080 304 1148 post,
325 1075 423 1131 ubi
451 1075 814 1151 aequabilem
844 1095 1105 1141 manere,
1134 1084 1215 1143 et,
1242 1076 1450 1132 ¹⁴²sicnti
1474 1076 1631 1133 acies
1654 1073 2018 1144 movebatur,

110 1237 115 1241 -
147 1165 323 1241 magis
351 1168 642 1243 magisque
672 1169 1143 1244 adpropinquare
1172 1167 1391 1236 vident,
1415 1171 1639 1241 cognita
1667 1187 1757 1236 re,
1799 1184 2015 1243 prope·

150 1265 341 1315 rantes
381 1277 539 1316 arma
566 1260 824 1334 capiunt,
865 1279 933 1317 ac
976 1278 1082 1335 pro
1125 1262 1353 1326 castris,
1403 1260 1572 1316 sicuti
1600 1260 2018 1336 imperabatur,

148 1351 482 1410 consistunt.
570 1352 822 1419 Deinde,
852 1353 950 1409 ubi
980 1352 1222 1428 propius
1254 1359 1513 1418 ventum,
1543 1354 1834 1427 utrimque
1862 1369 2019 1426 mag·

148 1460 217 1499 no
237 1444 496 1501 clamore
515 1445 933 1502 ¹⁵concurrunt.
994 1444 1279 1500 Numidae
1304 1445 1691 1500 tantummodo
1719 1442 2019 1513 remorati,

149 1535 280 1592 dum
309 1555 367 1593 in
397 1538 723 1612 elephantis
770 1537 1046 1594 auxilium
1088 1546 1325 1611 putant;
1371 1545 1674 1611 postquam
1711 1535 2019 1611 impeditos

149 1627 318 1683 ramis
358 1630 655 1697 arborum,
696 1639 869 1704 atque
898 1631 975 1686 ita
1015 1630 1288 1704 disjectos
1339 1627 1754 1684 circumveniri
1796 1625 2017 1697 vident,

145 1716 332 1792 fugam
358 1717 574 1778 faciunt
601 1742 616 1776 :
651 1740 718 1777 ac
747 1722 1040 1795 plerique,
1064 1721 1306 1796 abjectis
1324 1721 1522 1786 arusie,
1542 1719 1730 1785 cellia,
1753 1724 1852 1776 aut
1879 1735 2017 1775 noc-

147 1810 235 1878 tis,
267 1811 550 1886 quaejam
594 1812 815 1879 aderat,
863 1813 1078 1870 auxilio
1128 1813 1338 1885 integri
1386 1813 1619 1870 abeunt.
1707 1808 2021 1886 Elephanti

145 1911 390 1979 quatuor
417 1906 594 1982 capti,
621 1905 832 1981 reliqui
861 1925 1086 1964 omnes.
1118 1924 1364 1963 numero
1393 1905 1788 1981 quadraginta,
1831 1904 2017 1962 inter-

146 1993 302 2054 fecti.
359 1997 435 2055 At
464 1997 728 2060 Romani,
760 2017 1104 2075 quamquam
1133 1999 1342 2055 itinere
1374 2008 1547 2074 atque
1577 2016 1765 2073 opere
1794 2005 2017 2055 castro-

144 2105 270 2148 rum
298 2098 359 2146 et
386 2091 612 2164 praelio
636 2090 818 2148 ¹⁶fessi
843 2091 1094 2166 lassique
1125 2099 1290 2147 erant
1316 2112 1331 2157 ;
1374 2098 1589 2157 tamen,
1618 2090 1771 2164 quod
1801 2087 2016 2146 Metel-

140 2171 228 2236 lud
257 2182 500 2256 amplius
525 2181 798 2258 opinione
826 2185 1181 2244 morabatur.
1208 2180 1472 2237 instructi
1501 2179 1826 2251 intentique
1847 2178 2012 2233 obvi-

144 2288 229 2328 am
272 2274 619 2345 procedunt.
711 2273 849 2331 Nam
875 2275 1040 2330 dolus
1088 2273 1464 2329 Numidarum
1508 2257 1693 2325 ¹''nihil
1738 2265 2013 2339 languidi,

140 2380 333 2437 neque
365 2363 591 2432 remissi
616 2362 959 2434 patiebatur.
1022 2368 1105 2417 Ac
1129 2364 1341 2434 primo,
1360 2365 1608 2416 obscura
1628 2366 1824 2426 necte,
1857 2363 2013 2431 poet-

140 2470 314 2529 quam
344 2451 493 2507 haud
538 2452 744 2525 procul
793 2452 946 2507 inter
972 2469 1037 2508 se
1067 2461 1254 2516 erant,
1298 2450 1568 2522 strepitu,
1612 2449 1775 2504 velut
1817 2448 2014 2505 hostes

138 2545 584 2610 ¹⁸adventarent,
613 2545 783 2600 alteri
812 2543 961 2616 apud
994 2543 1207 2599 alteros
1231 2540 1592 2607 formidinem
1612 2540 1803 2608 simul,
1832 2548 1893 2598 et
1918 2547 2011 2598 tu·

137 2638 383 2695 multum
413 2635 611 2694 facere
636 2658 651 2693 ε
696 2644 757 2692 et
784 2653 971 2709 paene
998 2631 1386 2710 imprudentia
1412 2633 1715 2690 admissum
1743 2631 2009 2691 ”facinus

120 2713 496 2806 miserabile,
520 2730 579 2787 ni
602 2728 896 2803 utrimque
925 2725 1224 2803 praemissi
1244 2727 1470 2802 equites
1497 2745 1622 2784 rem
1649 2725 2014 2801 exploravis-

139 2830 285 2879 sent.
372 2820 576 2897 Igitur,
608 2815 715 2899 {iro
743 2832 925 2889 metu,
957 2829 1204 2896 repente
1229 2820 1497 2894 gaudium
1539 2827 1829 2882 exortum,
1860 2814 2010 2872 mili-

143 2919 226 2971 tes
254 2914 400 2972 alius
417 2914 593 2972 alium
616 2914 753 2974 laeti
779 2915 1092 2989 adpellant,
1114 2921 1241 2971 acta
1258 2913 1509 2970 edocent
1529 2920 1703 2985 atque
1725 2905 1961 2963 audiunt
1984 2926 2002 2963 ε

143 3020 240 3062 sua
267 3007 515 3083 quisque
543 3006 712 3065 fortia
737 3006 889 3064 facta
914 3006 983 3064 ad
1010 3007 1244 3084 coelum
1271 2997 1449 3063 ferre.
1521 3001 1755 3073 Quippe
1778 3015 1873 3056 res
1896 2998 2006 3057 hu-

144 3112 347 3155 manae
376 3098 453 3155 ita
471 3115 604 3156 sese
633 3099 882 3156 habent:
927 3098 984 3155 in
1014 3098 1259 3156 victoria
1288 3099 1383 3154 vel
1410 3092 1629 3167 ignavis
1672 3090 1908 3165 gloriari
1932 3091 2003 3149 li·

147 3198 235 3250 cet
262 3214 278 3249 ε
319 3190 643 3248 ²⁰advorsae
670 3207 770 3248 res
799 3190 970 3249 etiam
1000 3193 1181 3248 bonos
1211 3190 1555 3247 detractant.

120 3293 127 3304 ’·
152 3283 161 3289 ’
218 3282 377 3341 LIV.
419 3280 748 3339 nan-rums
794 3282 853 3338 in
893 3281 1079 3340 isdem
1124 3280 1328 3339 castris
1377 3273 1682 3351 quatriduo
1723 3278 1998 3347 moretm,

144 3373 408 3440 mauricios
434 3390 571 3434 cum
595 3390 739 3433 cura
763 3371 975 3444 reficit,
1002 3372 1242 3433 meritos
1266 3368 1370 3427 ”in
1396 3366 1635 3445 praeliis
1660 3378 1827 3422 more
1852 3363 1998 3425 mili-
