2259 3875
678 247 1001 306 Samus-ru
1030 244 1367 306 camum.
1932 251 1967 306 9

108 427 113 430 ¹
175 401 337 464 XIV.
386 402 454 462 In
504 409 659 463 tanta
702 412 939 481 tamque
986 411 1266 480 corrupta
1312 403 1572 474 civitate,
1612 402 1882 475 Catilina,
1910 403 1968 462 id

110 504 247 576 quod
296 501 461 560 sactu
495 498 831 560 facillimum
878 507 1033 568 erat,
1074 500 1337 558 omnium
1363 499 1755 575 ”flagitiorum
1794 509 1968 578 atque

103 593 414 656 facinorum
441 596 660 655 circum
679 616 767 667 se,
795 604 1087 672 tamquam
1105 598 1472 672 stipatorum,
1494 603 1760 654 catervas
1791 597 1964 656 habe·

101 690 209 749 bat.
297 690 465 761 Nam,
508 693 863 770 quicumque
910 690 1257 766 impudicus,
1306 691 1554 760 adulter,
1596 692 1746 749 bona
1778 691 1968 766 patria

98 783 452 845 laceraverat
477 809 492 858 ;
535 788 758 865 quique
789 789 1045 846 alienum
1072 805 1171 844 aes
1197 787 1416 863 grande
1448 783 1826 853 conflaverat,
1855 804 1969 861 quo
2005 763 2032 842 l

100 876 367 955 flagitium
392 892 491 941 aut
516 881 736 941 facinus
761 882 1125 960 ³3redimeret
1150 903 1166 952 ;
1215 892 1545 958 praeterea,
1573 898 1772 940 omnes
1803 880 1965 939 undi-

100 992 208 1048 que
236 978 587 1050 parricidae,
609 979 899 1053 sacrilegi,
922 978 1220 1038 &convicti
1251 977 1509 1052 judiciis,
1538 985 1635 1035 aut
1666 994 1772 1052 pro
1797 974 1961 1033 factis

87 1068 370 1143 judicium
398 1072 668 1131 timentes
695 1096 710 1146 ;
739 1075 807 1132 ad
828 1078 955 1139 hoc.
987 1092 1133 1151 quos
1158 1092 1357 1131 manus
1385 1081 1559 1148 atque
1587 1072 1803 1146 lingua,
1829 1085 1971 1146 per·
2053 1093 2060 1100 “

91 1162 247 1236 jurio
294 1174 390 1224 aut
416 1168 689 1242 sanguine
734 1170 891 1229 civili
936 1173 1170 1241 alebat3
1217 1178 1534 1245 postremo,
1580 1185 1782 1226 omnes
1814 1184 1967 1244 quos

95 1255 382 1334 flagitium,
412 1275 657 1337 egestas,
681 1266 947 1325 conscius
969 1267 1187 1324 animus
1212 1265 1535 1339 exagitabat
1562 1284 1577 1334 ς
1616 1262 1655 1322 ii
1683 1260 1970 1320 Catilinae

96 1357 355 1427 proxumi
385 1356 816 1439 familiaresque
849 1371 1036 1419 erant.
1120 1360 1293 1431 Quod
1321 1362 1374 1417 si
1400 1361 1530 1434 quis
1574 1359 1749 1417 etiam
1780 1376 1812 1414 a
1840 1357 1968 1414 cul·

97 1464 167 1520 pa
188 1467 402 1507 vacuus
424 1453 481 1509 in
510 1455 818 1512 amicitiam
861 1455 987 1530 ejus
1017 1454 1326 1520 inciderat,
1369 1451 1704 1528 quotidiano
1745 1469 1857 1508 usu
1890 1456 1971 1508 at·

101 1559 215 1617 que
243 1543 536 1605 illecebris
563 1546 737 1608 facile
763 1549 914 1626 ³³par
956 1550 1278 1625 similisque
1328 1547 1545 1606 ceteris
1588 1547 1969 1605 efficiebatur.

96 1630 205 1690 Sed
232 1654 500 1695 maxume
530 1640 987 1698 adolescentium
1015 1639 1431 1697 familiaritates
1474 1639 1827 1711 adpetebat:
1874 1653 1973 1692 eo-

99 1738 223 1781 rum
251 1719 421 1784 a‘nimi
451 1730 657 1788 molles
687 1738 747 1786 et
770 1739 961 1788 aetate
983 1728 1147 1796 fluxi,
1178 1729 1324 1786 dolis
1356 1729 1506 1787 haud
1539 1726 1852 1786 difficulter
1880 1744 1974 1783 ca·

98 1818 429 1890 piebantur.
518 1825 685 1880 Nam.
716 1825 799 1884 uti
828 1825 1129 1900 caiusque
1152 1825 1405 1906 {²9de
1446 1843 1519 1884 ex
1549 1831 1741 1884 aetate
1770 1820 1978 1900 flagra·

98 1909 208 1980 bat,
235 1914 366 1969 aliis
393 1920 585 1971 scorta
612 1914 902 1990 praebere
929 1935 945 1985 ς
990 1915 1116 1975 aliis
1147 1934 1320 1974 canes
1345 1907 1519 1993 atque
1544 1912 1727 1993 equos
1754 1907 1975 1976 merca·

96 2000 182 2071 ri;
213 2012 536 2077 postremo,
562 2010 757 2082 neque
782 2008 1059 2082 sumptui,
1091 2027 1286 2084 neque
1319 2009 1644 2068 modestiae
1673 2026 1814 2067 suae
1846 2024 1976 2085 par·

99 2109 264 2162 cere,
292 2095 428 2153 dum
456 2097 585 2154 illos
610 2098 936 2156 &obnoxios
965 2098 1231 2175 fidosque
1253 2098 1495 2157 faceret.

161 2187 298 2245 XV.
343 2189 460 2249 Jm
511 2194 762 2269 primurn
812 2195 1157 2255 adolescens
1204 2194 1456 2254 Catilina
1502 2180 1682 2255 mulia
1725 2193 1974 2255 nefanda

86 2290 291 2360 stupra
311 2286 568 2361 fecerat3
613 2310 748 2350 cum
780 2293 1003 2367 virgine
1031 2294 1237 2362 nobili,
1267 2312 1400 2351 cum
1447 2294 1755 2352 sacerdote
1783 2293 1972 2353 Wes-

94 2383 207 2448 tae‚
263 2381 372 2441 alia
422 2384 825 2458 hujuscemodi
873 2397 1077 2446 contra
1128 2388 1263 2462 ³⁸jns
1317 2387 1539 2469 fasque.
1647 2388 1972 2459 Postremo,

93 2483 301 2550 captus
349 2495 547 2535 amore
606 2480 885 2535 Aureliae
939 2481 1278 2547 Orestillae,
1326 2483 1513 2559 cujus,
1564 2490 1802 2562 praeter
1854 2483 1972 2543 sor-

93 2584 266 2638 mam,
300 2570 447 2628 nibil
486 2571 803 2645 mumquam
837 2571 1027 2628 bonus
1087 2574 1338 2634 laudavit
1372 2602 1384 2637 ;
1428 2580 1581 2655 quod
1635 2598 1706 2637 ea
1745 2581 1972 2639 nubere

86 2662 170 2722 illi
219 2664 546 2732 dubitabat,
582 2665 786 2755 timens
837 2667 1162 2744 privignum
1193 2673 1385 2733 adulta
1428 2681 1658 2745 aetate3
1701 2692 1814 2749 pro
1840 2693 1974 2733 cer-

86 2757 144 2812 to
199 2752 490 2824 creditur,
536 2765 742 2813 necato
786 2756 926 2829 filio,
972 2778 1214 2820 vacuam
1241 2763 1473 2822 domum
1503 2765 1781 2824 ‘scelestis
1824 2770 1971 2839 παρ’·

89 2851 180 2908 tiis
224 2847 464 2907 fecisse.
547 2853 714 2923 Quae
760 2856 995 2927 quidem
1044 2877 1141 2917 res
1188 2860 1329 2919 mihi
1379 2881 1438 2919 in
1489 2860 1691 2938 primis
1737 2859 1970 2917 videtur

89 2961 291 3003 caussa
314 2943 495 3006 fuisse
542 2946 817 3007 faemoris
865 2956 1208 3012 maturandi.
1297 2955 1565 3034 Namque
1608 2955 1830 3012 animus
1858 2953 1962 3015 im·

91 3057 294 3116 purus,
324 3040 415 3100 dis
457 3044 906 3123 hominibusque
952 3049 1219 3121 infestus,
1269 3070 1463 3133 neque
1493 3047 1721 3123 vigiliis,
1771 3069 1965 3129 neque

95 3131 386 3206 quietibus
412 3135 605 3194 sedari
628 3144 859 3214 poterat
883 3164 899 3206 ς
944 3139 1022 3198 ita
1044 3143 1405 3202 conscientia
1432 3145 1687 3200 mentem
1716 3143 1965 3203 excitam

94 3224 413 3285 ”vastabat
517 3233 697 3305 flgitur
734 3234 940 3292 “colos
1002 3239 1329 3313 exsanguis,
1376 3235 1533 3295 foedi
1589 3238 1767 3301 oculi.
1809 3236 1957 3292 citus

94 3321 288 3391 modo,
310 3323 482 3382 modo
527 3326 728 3386 tardus
756 3328 1018 3393 incessus
1045 3355 1060 3408 5
1102 3348 1347 3409 prorsus
1373 3332 1435 3392 in
1457 3330 1647 3393 ”facie
1674 3330 1962 3406 vultuque

95 3415 376 3479 vecordia
400 3421 608 3481 inerat.
860 3424 885 3449 ··
