2259 3875
294 259 369 312 50
680 259 685 266 ’
891 253 1206 314 Samma-n
1229 253 1573 315 Juuuarm.

288 405 511 467 initium
538 406 810 483 expedio,
832 408 1250 486 ”pauensupra
1270 419 1533 486 repetam
1559 431 1574 483 3
1618 410 1801 488 ⁵¹quo,
1824 410 1895 472 ad
1913 423 2135 488 segnes*

286 502 552 569 cendum,
579 503 767 559 omnia
817 502 1060 561 illustria
1086 505 1285 579 magis,
1333 505 1626 580 magisque
1671 505 1730 563 in
1772 513 1975 584 aperto
2015 507 2130 563 sint.

284 592 452 651 Bello
497 593 713 650 Punico
740 577 1018 662 secundo,
1047 615 1163 672 quo
1196 596 1313 653 dux
1340 596 1903 671 Carthaginiensium
1931 595 2133 656 Hanni·

280 687 391 752 bal,
447 685 618 762 ⁵²post
657 687 1097 761 magnitudinem
1153 688 1396 748 nominis
1452 688 1715 756 Romani,
1765 691 1956 749 ltaliae
2006 704 2134 765 opes

271 796 536 839 maxume
613 779 948 847 adtriverat,
1007 779 1333 849 Masinissa,
1409 800 1514 840 rex
1587 781 1998 860 Numidarum,
2045 780 2134 838 ⁵³in

273 871 517 930 amicitia
545 878 817 946 receptus
846 891 878 927 a
921 871 987 927 P.
1018 872 1309 947 Scipione,
1340 874 1435 931 cui
1480 881 1682 949 postea
1710 863 2134 947 Africanocog.

269 984 478 1024 nomen
507 982 582 1021 ex
606 964 818 1022 virtute
841 962 969 1032 fuit,
993 965 1171 1022 multa
1193 975 1252 1026 et
1276 969 1578 1041 praeclara
1604 967 1693 1024 rei
1720 964 1978 1026 militaris
2006 963 2135 1024 faci·

266 1083 409 1120 nora
438 1062 658 1119 fecerat
690 1084 703 1119 :
750 1062 824 1119 ob
851 1078 1024 1136 quae,
1064 1062 1231 1120 vietis
1259 1061 1857 1138 Carthaginiensibus,
1885 1069 1945 1122 et
1971 1068 2135 1137 capto

264 1155 595 1231 ”Syphacffi
637 1155 801 1228 cujus
845 1153 903 1211 in
934 1152 1129 1212 Africa
1176 1174 1441 1230 magnum
1482 1163 1656 1229 atque
1684 1156 1799 1212 late
1826 1156 2135 1230 imperium

264 1247 464 1314 valuit,
493 1246 740 1321 populus
770 1244 1080 1316 Romanus,
1103 1264 1493 1323 quascumque
1518 1244 1677 1302 urbis
1701 1252 1947 1327 etagros
1970 1262 2136 1304 manu

260 1344 518 1414 ceperat,
572 1338 733 1412 ⁵⁵regi
786 1337 939 1396 dono
991 1340 1168 1397 dedit.
1273 1338 1453 1412 lgitur
1503 1337 1744 1395 amicitia
1798 1335 2136 1396 Masinissae

258 1432 408 1490 bona
447 1437 619 1508 atque
663 1431 904 1490 honesta
932 1431 1098 1488 nobis
1139 1429 1495 1505 permansit:
1538 1429 1811 1504 56imperii
1862 1419 2133 1508 vitaeque

260 1523 384 1599 ejus
410 1523 538 1582 finis
583 1522 735 1580 idem
763 1521 891 1580 fuit.
981 1522 1133 1580 Dein
1180 1521 1445 1597 Micipsa,
1492 1521 1665 1591 filius,
1695 1539 1938 1597 regnum
1977 1525 2130 1582 solus

261 1618 534 1687 obtinuit,
575 1614 965 1674 Mastanabale
1015 1622 1075 1673 et
1101 1614 1372 1683 Gulussa,
1401 1613 1706 1682 fratribuS‚
1729 1615 1955 1690 'morbo
1994 1615 2130 1675 57εὼ-

254 1711 475 1769 sumtis.
562 1709 619 1767 ls
668 1709 1061 1767 Adherbalem
1083 1715 1144 1765 et
1187 1707 1587 1784 Hiempsalem
1615 1726 1694 1782 ex
1717 1726 1848 1767 sese
1877 1709 2080 1782 genuit
2112 1729 2125 1778 ς

249 1802 285 1855 J
290 1801 729 1875 ugurthamque,
747 1799 1153 1857 Mastanabalis
1169 1799 1364 1858 fratris
1382 1799 1588 1870 filium,
1606 1819 1782 1877 quem
1810 1798 2125 1867 Masinissa,

252 1891 403 1968 quod
427 1898 587 1948 ortus
614 1907 691 1947 ex
717 1888 1039 1947 concubina
1059 1899 1211 1960 erat,
1241 1893 1535 1968 privatum
1556 1893 1896 1969 reliquerat,
1925 1892 2128 1959 eodem

253 1983 473 2049 58(ιιιίω,
506 1999 621 2056 quo
649 1980 868 2038 liberos
893 1998 1049 2055 suos,
1079 1983 1232 2042 domi
1257 1985 1473 2044 babuit.

328 2073 430 2132 Vl.
477 2076 593 2146 Qm
623 2074 722 2133 ubi
763 2074 1013 2148 primum
1055 2077 1334 2145 adolevit,
1374 2076 1601 2151 pollens
1641 2071 1884 2140 viribus,
1912 2071 2128 2132 decora

245 2162 416 2239 sacPe,
447 2169 551 2228 sed
592 2168 773 2227 multo
798 2185 1066 2228 maxume
1105 2171 1335 2245 ingenio
1383 2166 1627 2230 validus,
1678 2182 1793 2221 non
1823 2182 1889 2222 se
1915 2165 2124 2237 ⁵⁹luxu,

242 2280 435 2339 neque
477 2261 725 2320 inertiae
752 2264 1245 2339 corrumpendum
1270 2257 1428 2315 dedit
1454 2278 1470 2326 ς
1512 2254 1639 2324 sed,
1671 2256 1753 2313 uti
1781 2275 1922 2315 mos·
1932 2262 2124 2333 gentis

240 2356 397 2415 illius
437 2361 548 2423 est,
577 2352 866 2432 equitare,
884 2353 1165 2436 jaculari,
1194 2366 1371 2408 cursu
1406 2365 1536 2406 cum
1565 2348 1904 2424 aequalibus
1933 2357 2126 2408 certa-

240 2465 307 2506 re
338 2471 352 2506 ε
395 2454 477 2518 et,
502 2449 677 2505 mcum
702 2446 887 2505 omnis
911 2447 1094 2520 gloria
1119 2441 1393 2507 anteiret,
1420 2442 1685 2501 omnibus
1728 2448 1921 2503 tamen
1950 2461 2123 2502 carus

239 2558 370 2597 esse
400 2561 414 2595 ε
447 2539 515 2596 ad
534 2534 649 2596 hoc
698 2539 982 2614 pleraque
1004 2541 1269 2608 tempora
1296 2532 1356 2592 in
1377 2534 1642 2593 venando
1661 2551 1858 2609 agere,
1888 2534 2122 2593 leonem

240 2639 417 2709 atque
439 2631 579 2690 alias
608 2629 761 2690 seras
787 2630 1076 2706 ⁶¹primus,
1102 2625 1288 2685 autin
1316 2627 1518 2703 primis
1545 2625 1732 2686 ferire
1761 2647 1774 2684 ε
1809 2625 2126 2703 plurimum

233 2726 453 2795 facere,
478 2724 793 2782 minumum
816 2722 945 2796 ipse
967 2717 1042 2776 de
1060 2736 1130 2777 se
1158 2719 1341 2796 loqui.
1424 2718 1650 2790 Quibus
1672 2717 1851 2779 rebus
1874 2718 2125 2795 Micipsa

226 2819 454 2879 tametsi
482 2815 644 2876 initio
671 2816 858 2874 laetus
886 2809 1100 2880 fuerat,
1120 2810 1474 2870 existumans
1497 2810 1773 2866 virtutem
1792 2808 1828 2863 J
1835 2810 2125 2886 ugurtbae

226 2929 408 2987 regno
440 2930 555 2970 suo
590 2906 812 2984 gloriae
839 2901 1010 2975 soi-eg
1053 2910 1278 2969 tamen,
1310 2908 1613 2978 postquam
1640 2897 2123 2980 homineigado-

226 3009 568 3077 lescentem,
594 3005 842 3063 &exacta
863 3015 970 3057 sua
1011 3005 1226 3067 aetate,
1251 2997 1448 3073 parvis
1473 2994 1695 3065 liberis,
1730 2990 1952 3068 mmagis
1992 3011 2113 3053 ma-

222 3102 425 3178 gisque
453 3115 727 3157 crescere
760 3091 1484 3170 intellegitsvehementer
1510 3090 1746 3185 negcgio
1771 3095 2113 3167 permotus,

222 3196 402 3255 multa
421 3210 555 3251 cum
581 3191 765 3252 animo
791 3205 898 3248 suo
920 3187 1211 3253 volvebat.
1297 3184 1597 3247 Terrebat
1622 3181 2112 3265 naturavmortali·
2131 3184 2146 3203 ‘
2236 3216 2238 3229 <

224 3304 342 3355 um,
359 3283 827 3360 avidafflimperii,
846 3282 1255 3360 etffipraeceps
1279 3281 1348 3341 ad
1375 3280 1723 3359 explendam
1747 3274 1915 3341 animi
1943 3275 2102 3346 cupi-

225 3376 456 3437 dinem:
497 3376 857 3455 ”Ptaetssrea
908 3377 1311 3465 opportunitas
1363 3384 1624 3454 suasque
1672 3381 1735 3435 et
1784 3371 2112 3435 liberarum*
