2259 3875
722 203 1039 262 Simos-ru
1068 200 1388 262 cmmm.
1770 250 1775 256 .
1910 203 1982 261 13

1981 309 1994 334 t

120 364 208 433 tia,
236 364 445 431 honos,
471 358 702 419 divitiae
728 361 883 438 apud
902 360 1032 420 iilos
1059 366 1214 430 sunt,
1242 365 1340 419 aut
1364 356 1464 417 ubi
1491 355 1575 416 illi
1598 358 1803 418 volunt
1828 380 1843 418 ε
1887 377 1982 417 re·
2017 393 2082 404 -n

118 457 307 531 pulsas
328 453 496 512 nobis
523 443 842 529 reliquere,
870 454 1155 528 pericula,
1172 451 1417 527 judicia,
1446 447 1777 526 egestatem.
1818 452 1986 522 Quae

122 564 423 624 quousque
489 548 714 604 tandem
754 545 1074 622 patiemini,
1129 543 1443 602 fortissumi
1501 542 1616 602 viri
1642 542 1665 602 ’ἱ
1766 543 1989 605 Nonne

44 631 45 634 ’
118 638 347 697 ⁸3emori
370 657 478 714 per
505 639 777 697 virtutem
804 644 1081 713 praestat,
1112 655 1283 713 quam
1310 635 1488 694 vitam
1514 634 1790 694 miseram
1817 642 1990 712 atque

121 730 496 799 inhonestam,
525 731 624 790 ubi
654 730 877 789 alienae
904 728 1219 807 superbiae
1243 727 1496 787 ludibrio
1521 725 1730 795 fueris,
1756 745 1870 803 per
1892 727 1994 787 de·

103 823 314 881 ‘decus
302 824 585 886 amittere
616 823 641 865 ‘P
684 822 908 881 Verum
945 822 1100 882 enim
1127 840 1298 893 vero,
1331 839 1446 898 pro
1474 819 1645 880 deum
1669 828 1845 897 atque
1889 820 1996 880 ho-

125 913 332 972 minum
360 914 571 973 fidem!
621 916 860 974 victoria
885 916 1091 972 nobis
1077 934 1135 972 ln
1193 933 1405 972 mauu:
1448 913 1645 988 ”viget
1672 920 1852 983 aetas,
1880 912 2002 971 ani·

126 1023 254 1062 mus
278 1008 480 1064 vaiet:
525 1016 728 1065 contra
747 1008 880 1076 iuis,
928 1007 1089 1064 annis
1117 1013 1291 1082 atque
1320 1005 1555 1073 divitiis,
1584 1004 1771 1062 omnia
1796 1021 2002 1063 conse·

124 1106 404 1154 nuerunt.
489 1096 741 1155 Tantum
787 1099 951 1157 modo
980 1099 1217 1175 incepto
1260 1116 1407 1173 opus
1458 1103 1589 1154 est:
1630 1097 1878 1156 ”cetera
1902 1113 2001 1155 res

130 1188 424 1265 expediet.
493 1188 722 1248 Etenim
742 1192 871 1268 quis
900 1190 1228 1250 mortalium
1255 1191 1352 1253 cui
1376 1189 1551 1248 virile
1579 1189 1891 1265 ingenium,
1916 1195 2004 1248 to·
2217 1223 2218 1278 χ

130 1282 323 1339 lerare
351 1288 563 1356 potest,
617 1283 729 1340 illis
756 1283 986 1342 divitias
1032 1301 1342 1358 superare,
1391 1300 1530 1359 quas
1569 1281 1921 1359 profundant
1947 1282 2006 1340 in
2215 1291 2220 1352 t

131 1374 453 1431 extruendo
474 1374 616 1431 mari
647 1380 707 1431 et
734 1376 1024 1432 montibus
1047 1374 1431 1452 ‹inaequandis
1460 1395 1477 1444 ;
1506 1374 1670 1432 nobis
1700 1394 1825 1433 rem
1845 1374 2007 1434 sami-
2219 1367 2220 1372 ἵ

129 1466 336 1523 liarem
358 1466 528 1523 etiam
550 1465 622 1523 ad
667 1466 1001 1524 necessaria
1044 1466 1255 1524 deesse
1280 1467 1305 1524 ’ἒ
1343 1468 1473 1524 illos
1516 1468 1698 1533 binas,
1728 1477 1825 1527 aut
1849 1470 2009 1528 ⁹⁶am-

126 1558 300 1634 pliuS,
329 1558 526 1615 domos
569 1559 954 1623 continuare;
1001 1558 1166 1615 nobis
1208 1558 1443 1617 ⁹⁷larem
1486 1557 1829 1618 familiarem
1876 1553 2012 1618 nus·

134 1670 302 1727 quam
321 1652 503 1709 ullum
524 1669 656 1709 esse
677 1650 701 1709 ’ἰ
743 1650 895 1708 Cum
922 1651 1169 1719 tabulas,
1217 1650 1393 1726 signa,
1416 1659 1739 1710 toreumata
1770 1659 1966 1712 emunt
1993 1674 2009 1722 ς

127 1744 318 1805 1’¹³nmra
334 1743 599 1810 diruunt,
627 1743 739 1801 alia
767 1742 1086 1819 aedificant,
1114 1751 1407 1818 postremo
1426 1745 1691 1806 omnibus
1703 1745 1883 1803 modis
1914 1764 2016 1823 pe-

133 1841 362 1898 cuniam
383 1840 684 1905 ”tx-abunt,
708 1846 918 1894 vexant
944 1861 957 1894 ε
988 1839 1175 1898 tamen
1201 1840 1480 1899 ¹⁰⁰summa
1503 1839 1764 1900 lubidine
1791 1838 2019 1902 divitias

136 1930 383 1989 vincere
428 1937 741 2008 nequeunt.
824 1931 900 1990 At
939 1932 1100 1991 nobis
1143 1933 1297 1991 domi
1317 1934 1534 2009 inopia,
1585 1932 1725 1992 foris
1754 1952 1853 1994 aes
1876 1934 2018 1997 alie-

32 2072 33 2075 ,
134 2024 525 2095 ῃυω;,“ω81ει
578 2043 695 2095 res,
745 2043 880 2100 spes
947 2028 1126 2083 multo
1192 2026 1498 2101 asperior:
1544 2027 1822 2104 denique,
1881 2027 2023 2106 quid

136 2117 352 2193 reliqui
391 2117 691 2187 habemus,
735 2125 976 2192 praeter
1002 2119 1273 2175 miseram
1298 2116 1589 2174 animam?
1667 2119 1823 2186 Quin
1849 2121 2022 2192 igitur

137 2209 652 2286 expergiscimini?
696 2209 785 2266 En
807 2211 927 2277 illa,
958 2211 1056 2267 illa
1082 2227 1254 2282 quam
1276 2225 1455 2281 saepe
1471 2208 1731 2282 optastis,
1761 2207 2025 2283 libertas,

139 2309 451 2378 praeterea
478 2302 737 2369 divitiae,
791 2302 993 2367 decus,
1036 2299 1245 2372 gioria,
1277 2301 1335 2355 in
1364 2297 1546 2355 oeulis
1568 2298 1680 2355 sita
1696 2306 1866 2354 sunt!
1907 2298 2024 2358 for-

137 2402 273 2453 tuna
300 2395 494 2452 omnia
515 2392 837 2450 victoribus
874 2390 1137 2464 praemia
1191 2388 1401 2458 posuit.
1474 2386 1617 2452 Res,
1645 2392 1896 2461 tempta,
1922 2406 2028 2466 pe·

141 2487 355 2556 ricula,
385 2489 634 2560 egestas,
662 2481 803 2535 belli
827 2479 1012 2549 spolia
1038 2473 1340 2547 magnifica
1385 2470 1583 2550 magis,
1604 2494 1776 2552 quam
1822 2482 2028 2553 oratio,

120 2578 477 2637 «hortentur.
560 2569 677 2625 Vel
700 2571 1073 2641 imperatore,
1100 2566 1192 2622 vel
1221 2565 1401 2627 milite
1420 2587 1517 2628 me
1538 2569 1762 2630 utimini
1788 2596 1803 2631 ε
1833 2594 2028 2657 neque

138 2674 398 2736 animus,
427 2679 623 2739 neque
650 2677 863 2736 corpus
890 2678 922 2718 a
957 2659 1120 2717 vobis
1150 2659 1356 2719 aberit.
1439 2662 1606 2723 Haeo
1628 2664 1776 2741 ipsa,
1806 2677 1869 2731 ut
1895 2688 2028 2746 spe⁴

136 2781 235 2829 ro,
267 2756 571 2816 vobiscum
599 2751 799 2810 consul
827 2771 984 2827 agam
1008 2774 1024 2825 ;
1068 2753 1177 2811 nisi
1217 2751 1369 2814 forte
1398 2757 1620 2819 animus
1649 2757 1813 2830 fallit,
1835 2767 1896 2819 et
1921 2778 2027 2822 vus

143 2852 402 2919 servire,
431 2865 600 2926 quam
618 2846 934 2921 imperare,
956 2847 1140 2924 parati
1163 2847 1372 2907 estis.''

216 2942 388 3000 X'Xl.
432 2940 762 3005 Pes-raum
815 2958 1110 3017 accepere
1173 2959 1246 3000 ea
1293 2942 1582 3015 homines,
1629 2944 1842 3019 quibus
1883 2949 2033 3011 mala

52 3068 53 3071 =
153 3026 378 3093 abunde
406 3033 596 3092 omnia
621 3039 810 3102 erant,
857 3033 967 3093 sed
1016 3051 1133 3113 neq
1148 3054 1223 3093 ue
1263 3035 1413 3108 ἐκ,
1466 3052 1657 3110 neque
1704 3053 1840 3113 spes
1880 3042 2032 3105 bona

158 3128 307 3198 ulla3
352 3133 544 3184 tamen
562 3126 672 3184 etsi
700 3125 815 3184 inis
844 3126 1043 3202 quieta
1072 3146 1345 3198 movere,
1374 3144 1592 3200 magna·
1612 3144 1841 3190 merces
1867 3129 2029 3188 vide-

157 3219 345 3289 batur,
372 3223 564 3274 tamen
583 3218 883 3293 postulare
900 3219 1194 3296 plerique,
1213 3220 1704 3294 utipropoqeret,
1717 3236 1868 3296 quae
1888 3232 2028 3281 eon-

155 3311 301 3374 ‹litio'
313 3308 458 3375 belli
484 3307 639 3372 foret
665 3331 680 3386 ς
712 3328 863 3389 quae
881 3312 1144 3450 praemi}
1171 3309 1352 3389 armis
1371 3317 1646 3392 peterent
1671 3333 1688 3384 5
1728 3305 2028 3385 Quidum*
