2259 3875
677 214 993 271 Suessa-11
1021 213 1056 268 J
1062 232 1362 273 cccmus.
1894 223 1968 279 59

96 394 184 445 no,
234 389 445 432 ¹rerum
493 370 869 430 humanarum
923 370 1320 446 spectaculum
1376 370 1655 445 praeben,
1711 375 1964 435 incertus

99 465 221 542 quid
249 484 413 540 agam
449 485 464 532 ς
508 471 711 519 tuasne
740 461 977 536 injurias
1008 480 1359 537 persequar,
1402 462 1528 537 ipse
1552 463 1744 521 auxilii
1767 486 1963 541 egens,

96 558 198 616 ”an
242 575 426 633 regno
453 554 773 622 consulam,
816 553 1025 629 ‘¹⁵cujus
1077 554 1233 611 vitae
1275 554 1555 631 necisque
1599 561 1846 628 potestas
1891 579 1966 617 ex

102 650 298 726 opibus
326 649 528 708 alienis
570 648 806 723 pendet.
892 646 1126 705 Utinam
1153 647 1378 705 ⁷⁸emori
1408 646 1650 705 fortunis
1692 648 1836 705 meis
1863 650 1965 707 bo-

101 751 290 802 nestus
331 742 520 801 exitus
549 748 727 810 esset,
773 739 930 818 ”neu
981 739 1191 797 vivere
1230 748 1556 798 contemtus
1585 740 1850 808 viderer,
1898 743 1967 810 si,
2035 803 2046 812 ,

103 835 356 902 defessus
409 835 593 903 malis,
661 832 906 908 injuriae
954 833 1391 891 concessissem.
1505 832 1679 890 Nunc
1732 829 1968 909 ⁷⁸neque

101 928 304 987 vivere
350 929 532 996 lubet,
585 945 778 1003 neque
817 927 961 984 mori
1009 927 1150 985 licet
1201 928 1326 985 sine
1360 928 1678 985 dedecore.
1768 926 1968 984 Patres

98 1020 441 1096 conscripti,
467 1038 572 1095 per
595 1038 724 1090 vos,
750 1020 1011 1077 ”liberos
1039 1026 1211 1095 atque
1251 1029 1545 1094 parentes,
1575 1038 1686 1094 per
1706 1021 1982 1096 majesta-.

101 1120 214 1173 tem
259 1112 457 1189 populi
485 1112 555 1170 R.
593 1112 902 1171 subvenite
935 1113 1148 1171 misero
1192 1112 1375 1181 mihi3
1421 1112 1501 1170 ite
1544 1113 1770 1169 obviam
1817 1113 1963 1189 inju-
2027 1145 2050 1160 ·›

99 1205 256 1275 riae3
301 1206 477 1266 nolite
524 1206 642 1282 pati
690 1223 932 1279 regnum
984 1205 1311 1277 Numidiae,
1347 1205 1500 1281 quod
1548 1212 1807 1264 vestrum
1855 1214 1961 1274 est,
2047 1269 2058 1278 .

101 1316 205 1375 per
222 1298 411 1356 scelus
441 1307 501 1356 et
519 1301 854 1373 sanguinem
880 1298 1127 1358 familiae
1155 1307 1386 1357 nostrae
1409 1300 1780 1356 tabescere.’'

173 1387 299 1447 XV.
345 1389 668 1456 Pus-ratum
697 1411 802 1450 rex
831 1392 1002 1450 finem
1031 1391 1306 1468 loquendi
1337 1390 1497 1458 fecit,
1540 1391 1713 1465 legati
1754 1390 1784 1445 J
1795 1410 1960 1465 ugur-

104 1473 243 1540 tbae⁴
265 1484 571 1558 largitione
619 1485 815 1560 magis,
844 1504 1012 1561 quam
1038 1504 1242 1543 caussa
1269 1482 1430 1554 freti,
1480 1483 1680 1558 paucis
1724 1501 1962 1559 respon·

108 1573 230 1634 dent
255 1599 269 1635 z
313 1585 354 1612 “
377 1576 774 1654 Hiempsalem
793 1581 867 1636 ob
887 1578 1184 1636 saevitiam
1211 1596 1370 1635 suam
1394 1578 1463 1635 ab
1491 1575 1757 1633 Numidis
1786 1576 1963 1633 iuter-

107 1665 302 1728 fectum
331 1692 344 1727 ε
391 1671 786 1730 Adherbalem
814 1671 968 1727 ultro
1009 1671 1228 1727 bellum
1266 1669 1636 1731 inferentem.
1666 1676 1966 1746 postquam

107 1775 399 1835 superatus
443 1763 539 1829 sit,
583 1762 775 1837 queri,
817 1763 969 1837 quod
1018 1761 1286 1837 injuriam
1318 1761 1515 1821 facere
1563 1763 1961 1838 nequivisset:

107 1852 434 1929 Jugurtham
478 1855 550 1911 ab
575 1865 776 1912 senatu
807 1861 1038 1930 petere,
1067 1873 1140 1912 ne
1186 1854 1358 1913 alium
1408 1863 1703 1931 putarent,
1733 1873 1798 1914 ac
1840 1856 1897 1912 N
1902 1874 1962 1913 u·

107 1949 333 2006 mantiae
369 1949 633 2024 cognitus
661 1957 842 2019 esset,
878 1968 992 2006 neu
1042 1950 1225 2007 verba
1260 1948 1474 2007 inimici
1520 1956 1651 2008 ante
1678 1948 1828 2007 sacta
1862 1967 1967 2007 sua

106 2043 447 2114 ponerent.”
534 2042 760 2098 Deinde
791 2041 1023 2116 utrique
1053 2042 1216 2098 curia
1242 2042 1637 2115 egrediuntur.
1724 2043 1964 2100 Senatus

104 2133 280 2190 statim
321 2133 683 2192 consulitur:
730 2133 985 2191 fautores
1028 2135 1373 2206 legatorum,
1416 2141 1729 2208 praeterea
1769 2154 1968 2208 magna

102 2242 248 2298 pars,
286 2227 468 2300 gratia
491 2225 859 2301 ⁸⁰depravati‚
883 2224 1230 2281 Adherbalis
1255 2224 1414 2281 dicta·
1433 2232 1834 2290 contemnere,
1861 2222 1896 2277 J
1901 2244 1964 2281 u-

105 2315 337 2389 gurthae
367 2319 641 2373 virtutem
669 2317 959 2374 extollere
985 2315 1251 2373 laudibus
1280 2336 1296 2383 ς
1334 2315 1578 2387 ⁸¹gratia‚
1609 2332 1779 2382 voce,
1808 2315 1967 2372 deni·

108 2424 205 2482 que
235 2405 499 2466 omnibus
526 2405 708 2461 modis
737 2423 844 2478 pro
862 2405 1052 2460 alieno
1079 2405 1313 2459 scelere
1333 2410 1392 2458 et
1412 2403 1647 2478 flagitio,
1668 2422 1771 2462 sua
1793 2406 1956 2481 quasi

108 2516 201 2573 pro
220 2499 425 2573 gloria,
453 2495 805 2554 nitebantur.
888 2495 966 2550 At
991 2500 1192 2550 contra
1218 2494 1410 2568 pauci,
1440 2493 1644 2569 quibus
1667 2495 1885 2556 bonum
1911 2510 1971 2559 et

109 2606 341 2668 aequum
385 2588 599 2648 divitiis
645 2588 903 2657 8²carius,
955 2584 1458 2644 ”subveniundum
1513 2587 1851 2663 Adherbali,
1906 2599 1965 2653 et

106 2680 444 2761 ffiempsalis
487 2687 733 2742 mortem
779 2696 991 2739 severe
1035 2678 1431 2737 vindicandam
1460 2683 1816 2745 censebant:
1863 2686 1969 2742 sed

110 2778 473 2855 exomnibus
520 2792 787 2833 maxume
833 2772 1156 2830 “Aemilius
1201 2770 1472 2843 Scaurus„
1526 2774 1697 2832 homo
1739 2775 1965 2843 nobilis,

104 2868 354 2947 ἰαὶξὶὶεβγ,
385 2870 681 2941 factiosus,
722 2869 922 2929 avidus
950 2866 1269 2944 potentiae,
1307 2867 1564 2932 honoris,
1595 2867 1922 2924 divitiarum
1950 2888 1964 2939 ;

112 2967 355 3021 ceterum
404 2964 545 3022 vitia
581 2981 685 3020 sua
709 2960 917 3020 callide
958 2961 1276 3019 occultans.
1362 2956 1417 3016 Is
1466 2964 1770 3033 postquam
1810 2956 1969 3017 videt

46 3036 55 3043 ’
114 3057 244 3131 regis
268 3054 628 3131 largitionem
651 3055 966 3112 85famosam
985 3052 1519 3126 impudentemque,
1542 3046 1788 3117 veritus,
1813 3054 1964 3128 quod

114 3150 160 3208 in
184 3154 276 3211 tali
315 3169 383 3210 re
409 3149 581 3216 solet,
609 3167 682 3205 ne
727 3146 994 3222 ⁸⁶polluta
1017 3144 1254 3202 licentia
1279 3140 1550 3201 invidiam
1595 3145 1962 3209 accenderet,

116 3245 340 3308 animum
369 3265 402 3307 a
429 3251 708 3305 consueta
726 3237 985 3299 lubidine
1008 3236 1312 3297 continuit.

352 3400 407 3441 q,
450 3376 521 3433 *Ἃ
