2259 3875
588 226 906 289 Sanus-m
935 226 1281 291 Jucunrm.
1844 232 1923 292 83

52 400 231 445 rerum
257 370 551 446 venalium
576 387 750 447 totius
778 387 944 464 regni
988 403 1259 446 maxume
1285 383 1648 445 celebratum
1670 409 1687 460 ς
1726 387 1830 448 ubi
1857 392 1922 449 et

53 478 314 549 incolere,
365 486 427 537 et
466 479 715 537 mercari
757 487 1191 539 consueverant
1237 477 1420 537 Italici
1468 478 1709 553 generis
1750 481 1917 542 multi

53 572 327 631 mortales.
409 569 609 630 ‘¹⁰Huic
636 570 879 641 Consul,
921 572 1092 630 simul
1143 569 1397 631 tentandi
1433 569 1618 646 gratia
1644 576 1706 627 et
1741 590 1918 648 oppe-

56 661 243 734 riundi‚
280 664 330 722 si
376 671 722 740 paterentur
750 663 1212 739 opportunitates
1256 664 1394 733 loci,
1437 661 1795 743 praesidium
1820 664 1921 723 im·

6 760 9 777 '
57 757 267 830 posuit,
330 765 646 833 praeterea
705 756 1015 834 imperavit
1058 756 1432 827 frumentum,
1481 764 1542 816 et
1596 756 1758 829 alia„
1779 773 1929 831 quae

30 918 33 923 ⁴
57 847 194 907 bello
218 850 349 909 usui
375 849 610 907 ⁷¹forent
637 871 652 907 :
698 858 858 908 ratus
885 849 965 919 id,
982 852 1135 927 quod
1160 870 1255 909 res
1284 851 1579 919 monebat,
1600 848 1924 926 ”frequen—

57 940 175 1000 tiam
220 942 637 1017 negotiatorum
664 951 726 1002 et
750 952 1174 1005 commeatuum
1206 945 1544 1021 juvaturam
1573 932 1928 1012 exercitum,

58 1039 103 1092 et
117 1034 251 1109 jam,
262 1035 472 1107 pacatis
501 1035 676 1094 rebus
705 1036 1060 1095 munimento
1089 1035 1232 1094 fore.
1321 1036 1483 1094 luter
1511 1037 1659 1096 haec
1688 1034 1923 1110 negotia

6 1140 23 1179 2-
58 1124 330 1196 Jugurtha
350 1125 656 1202 impensius
684 1130 853 1187 modo
871 1124 1090 1204 legatos
1112 1129 1410 1205 supplices
1434 1129 1692 1198 mittere,
1722 1145 1928 1205 pacem

61 1235 212 1278 orare
239 1241 255 1290 ;
296 1229 537 1294 praeter
559 1239 720 1281 suam
749 1222 1191 1297 liberorumque
1218 1224 1417 1290 vitam,
1458 1227 1648 1284 omnia
1673 1221 1920 1281 Metello

60 1310 278 1370 dedere.
364 1313 525 1383 Quos
553 1313 713 1384 item,
742 1313 1107 1389 uti'prioreS,
1136 1314 1340 1373 consul
1367 1314 1597 1373 illectos
1627 1315 1696 1374 ad
1727 1314 1924 1391 prodi-

62 1403 252 1464 tionem
276 1405 510 1463 domum
530 1405 886 1463 dimittebat:
932 1406 1057 1481 regi
1097 1425 1324 1481 pacem,
1348 1426 1520 1484 quam
1566 1408 1918 1485 postulabat,

65 1515 231 1574 neque
258 1499 547 1566 abnuere,
595 1517 788 1574 neque
833 1499 1126 1573 polliceri,
1156 1506 1219 1557 et
1242 1500 1398 1558 inter
1425 1516 1525 1558 eas
1552 1515 1748 1557 moras
1790 1516 1924 1574 pro·
1945 1564 1957 1586 f

68 1590 209 1649 missa
231 1592 558 1667 legatorum
584 1600 954 1668 exspectare.

24 1678 45 1767 ζ
126 1682 757 1743 XLv111.Juoumffl
783 1685 884 1741 ubi
911 1683 1140 1742 Metelli
1162 1683 1315 1742 dicta
1327 1702 1461 1743 cum
1490 1682 1654 1745 factis
1685 1701 1921 1760 compo·
1951 1680 1960 1720 ἓ

71 1776 179 1847 suit,
204 1797 271 1838 ac
298 1795 363 1836 se
393 1778 511 1836 suis
540 1777 765 1836 artibus
812 1777 1023 1834 tentari
1073 1777 1531 1836 animadvortit·
1517 1820 1533 1848 ,
1589 1777 1810 1853 quippe
1836 1776 1933 1837 cui

70 1872 238 1931 verbis
266 1871 378 1950 pax
409 1871 811 1942 nunciabatur,
842 1876 1106 1929 ceterum
1154 1888 1220 1928 re
1251 1871 1467 1928 bellum
1516 1888 1925 1948 asperrumum

73 1972 194 2034 erat,
222 1969 358 2025 urbs
388 1984 653 2025 maxuma
677 1963 986 2029 ”alienata
1014 1982 1157 2039 ager
1197 1965 1461 2023 hostibus
1490 1965 1780 2041 cognitus,
1810 1966 1928 2026 ani-

72 2057 130 2115 mi
153 2060 519 2137 popularium
549 2059 748 2118 tentati
781 2086 796 2118 ς
840 2065 1074 2118 coactus
1100 2077 1301 2117 rerum
1321 2059 1777 2128 necessitudine,
1807 2068 1921 2118 sta·

71 2152 158 2209 tuit
182 2155 354 2213 armis
382 2161 631 2213 certare.
735 2153 916 2229 igitur
971 2152 1279 2227 explorato
1330 2151 1581 2209 hostium
1610 2152 1850 2217 itinere,
1875 2152 1934 2207 in

71 2259 213 2320 spem
266 2248 548 2306 victoriae
601 2246 878 2305 adductus
936 2262 1011 2303 ex
1065 2243 1502 2320 opportunitate
1556 2242 1698 2306 loci,
1749 2240 1932 2315 ⁷⁴quas

70 2355 338 2398 maxumas
357 2340 554 2411 copias
576 2345 770 2412 potest
794 2339 1044 2393 omnium
1069 2352 1351 2409 generum
1375 2340 1562 2406 parat,
1591 2351 1659 2390 ac
1686 2350 1799 2406 per
1819 2339 1933 2389 tra-

72 2431 213 2490 mites
243 2430 506 2488 occultos
549 2429 872 2492 exercitum
928 2425 1155 2481 Metelli
1203 2423 1522 2481 antevenit.
1607 2421 1747 2479 Erat
1766 2421 1825 2479 in
1855 2440 1929 2481 ea

72 2533 211 2596 parte
242 2521 574 2590 Numidiae,
603 2537 774 2595 quam
816 2516 1106 2573 Adherbal
1161 2515 1219 2570 in
1247 2512 1530 2571 divisione
1570 2514 1930 2589 possederat,

16 2609 17 2628 ¹
74 2613 265 2677 flumen
297 2616 491 2674 orie-ns
524 2633 557 2670 a
604 2610 872 2677 meridie,
928 2610 1158 2665 nomine
1205 2605 1440 2664 Muthul
1472 2628 1488 2676 ;
1532 2626 1567 2665 a
1593 2626 1710 2685 quo
1732 2611 1935 2671 aberat

76 2725 211 2770 mons
240 2708 430 2773 ferme
461 2706 636 2764 millia
665 2720 940 2781 passuum
994 2721 1093 2759 xx.
1147 2702 1378 2759 ”tractu
1412 2699 1559 2777 pari,
1587 2702 1834 2762 '¹⁶vastus
1862 2705 1934 2760 ab

78 2805 255 2862 natura
284 2811 346 2860 et
372 2802 621 2864 humano
651 2797 811 2856 cultu
847 2820 860 2854 :
907 2796 1008 2852 sed
1066 2814 1141 2856 ex
1199 2812 1272 2853 eo
1323 2794 1515 2853 medio
1536 2795 1741 2880 ”quasi
1768 2794 1933 2851 collis

80 2894 369 2974 oriebatur,
399 2883 477 2953 in?
504 2895 843 2953 immensum
901 2888 1223 2966 pertinens,
1281 2888 1523 2947 vestitus
1584 2888 1835 2946 oleastro
1864 2902 1930 2944 ac

20 2975 21 2980 ἵ
83 2984 317 3057 mirteti3‚
347 2988 593 3063 aliisque
646 2984 960 3061 generibus
1000 2984 1297 3050 arborum,
1355 3000 1505 3056 quae
1541 2977 1743 3035 ”humi
1770 2975 1930 3038 arido

85 3085 225 3157 atque
248 3098 500 3141 arenoso
527 3082 852 3155 gignuntur.
936 3077 1035 3134 ”M
1046 3077 1176 3135 edia
1202 3082 1394 3136 autem
1422 3070 1701 3148 planicies
1730 3071 1928 3132 deser-

24 3227 33 3238 .
84 3176 141 3236 ¹⁸·
165 3179 408 3253 penuria
454 3195 658 3251 aquae,
714 3181 954 3251 praeter
986 3172 1209 3232 flumini
1262 3168 1588 3244 propinqua
1642 3168 1814 3226 loca:
1859 3184 1929 3224 ea

82 3262 315 3334 ”donata
342 3270 616 3339 arbustis,
646 3286 865 3346 pecore
914 3273 1089 3345 atque
1130 3261 1454 3334 cultoribus
1482 3255 1924 3338 frequentaban-

83 3361 170 3423 tur.
208 3381 215 3390 ·

2103 622 2144 639 h·

183 3562 281 3576 Μ’
