2259 3875
729 266 1048 328 Sanusrn
1088 265 1429 327 Jnouarm.
1907 273 2029 327 ιι112Ξί

142 428 294 497 erat,
324 427 386 484 in
418 424 667 485 Africam
706 420 1029 500 profectus.
1061 425 1265 483 diebus
1310 422 1508 501 paucis
1535 420 1761 481 Uticam
1789 422 2028 482 advehi..

146 527 260 578 tur.
348 518 661 577 Exercitus
691 518 761 575 ei·
786 517 1037 575 traditur
1064 537 1096 574 a
1125 517 1194 575 P.
1230 518 1447 575 Rutilio
1475 517 1663 591 legato
1691 538 1706 587 ;
1748 535 1875 575 nam
1903 515 2027 575 Me·

147 614 321 671 tellus
350 619 726 687 conspectum
754 609 922 668 Mar-ii
952 609 1215 685 fugerat,
1245 629 1319 669 ne
1363 610 1593 668 videret
1623 628 1715 678 ea,
1745 628 1893 686 quae
1923 629 2021 670 au·

140 705 271 762 *dita
298 705 802 761 animus-tolerare
830 704 1200 780 nequiverat.

222 792 581 851 LX'XXVll.
626 794 988 852 Sao‘consul.
1026 795 1280 870 expletis
1297 794 1634 870 legionibus
1662 792 2025 852 cohortibus-

146 904 264 964 que
311 887 691 954 ”auxiliarum
742 889 798 946 in
849 906 1049 963 agrum
1088 887 1345 948 fertilem
1394 895 1457 947 et
1500 889 1719 964 praeda
1764 893 2030 946 onustum

144 981 580 1058 proficiscitur:
626 982 837 1043 omuia'
858 984 936 1039 ibi
967 988 1136 1060 capta
1177 985 1453 1042 militibus
1480 985 1695 1042 donat:
1742 985 1876 1041 dein
1905 1002 2026 1043 cas·

148 1076 282 1132 tella
312 1084 371 1132 et
398 1076 612 1152 oppida
653 1085 856 1133 natura
883 1085 943 1133 et
961 1146 965 1151 Ι
984 1077 1125 1133 viris
1166 1095 1373 1154 parum
1411 1076 1625 1134 munita
1653 1077 1985 1152 adgreditur
2009 1100 2022 1133 ε

147 1168 367 1243 praelia
393 1168 593 1241 multa,
621 1179 885 1225 ceterum
915 1169 1025 1225 alia
1061 1170 1216 1228 levia
1244 1169 1367 1227 aliis
1396 1169 1542 1227 locis
1569 1167 1785 1228 facere.
1872 1170 2026 1228 lute-

146 1260 247 1317 rim
272 1259 406 1317 nori
437 1261 647 1318 milites
676 1260 803 1318 sine
832 1263 985 1319 metu
1019 1281 1245 1338 pugnae
1275 1264 1476 1322 adesse
1503 1286 1517 1320 ε
1565 1265 1770 1322 videre
1800 1262 2026 1339 fugien-

151 1357 217 1413 tis
247 1357 400 1431 capi,
449 1356 679 1426 occidi3
722 1356 1115 1415 fortissumum
1157 1376 1449 1434 quemque
1491 1358 1892 1427 tutissumum3
1936 1376 2029 1417 ar-

149 1448 255 1506 mis
303 1449 655 1514 libertatem,
700 1452 939 1524 patriam
991 1458 1380 1524 parentesque
1409 1459 1468 1506 et
1504 1450 1613 1505 alia
1640 1453 1829 1508 omnia
1867 1451 1980 1526 tegi
2010 1473 2025 1523 ;

151 1543 385 1616 gloriam
414 1550 591 1618 atque
619 1542 845 1600 divitias
873 1542 1099 1618 quaeri.
1183 1541 1279 1599 Sic
1303 1542 1472 1597 brevi
1493 1542 1678 1616 spatio
1700 1543 1836 1599 novi
1865 1551 2025 1603 vete-

147 1651 361 1711 resque
406 1635 706 1703 coaluere,
746 1644 809 1692 et
847 1635 1045 1693 ‘virtus
1087 1632 1341 1690 omnium
1386 1633 1642 1707 aequalis
1685 1631 1853 1689 facta.
1954 1634 2028 1692 At

147 1729 456 1802 reges,·‘ubi
486 1727 561 1784 de
584 1729 833 1784 adventu
866 1726 1035 1783 Marii
1059 1724 1750 1799 cognoverunt,⁸⁸divorsi
1781 1726 1840 1782 in
1866 1727 2027 1784 locos

149 1820 388 1879 difficilis
427 1824 663 1878 abeunt.
754 1820 837 1876 lta
862 1818 1189 1890 Jugurthae
1229 1819 1545 1894 placuerat,
1575 1820 1855 1893 speranti,
1893 1836 2026 1878 mox

149 1912 358 1971 effusos
389 1913 567 1971 hostis
590 1898 779 1971 invadi
808 1914 1013 1991 [posse
1038 1911 1106 1989 ;]·
1135 1912 1444 1981 Romanos,
1488 1911 1658 1971 sicuti
1686 1912 2021 1992 plerosque,

147 2016 366 2066 remoto
391 2017 569 2075 metu,
592 2008 775 2064 laxius
801 2006 1187 2081 licentiusque
1215 2003 1460 2064 futuros.

142 2145 145 2152 .
210 2099 611 2157 -LXXXVlIL
662 2100 986 2160 Mna-emus
1009 2100 1238 2157 interea
1268 2099 1508 2158 Romam
1536 2100 1855 2174 profectus,
1884 2122 2017 2161 con-

126 2185 232 2251 *tra
264 2211 427 2269 spem
457 2213 638 2251 suam.
677 2191 1068 2251 ¹³¹'laetissumis
1115 2192 1315 2248 animis
1345 2190 1680 2266 excipitur3
1726 2192 1883 2266 plebi
1924 2213 2020 2268 pa·

147 2287 478 2360 tribusque,
509 2295 812 2361 postquam
842 2284 1055 2348 invidia
1081 2286 1439 2349 decesserat,
1457 2282 1625 2358 juxta
1653 2300 1843 2339 carus.
1909 2284 2022 2342 Sed

142 2376 362 2436 Marius
394 2378 638 2451 impigre
683 2379 1126 2451 prudenterque
1156 2395 1393 2433 suorum
1416 2384 1480 2438 et
1502 2378 1762 2434 hostium
1801 2396 1897 2435 res
1928 2399 2022 2455 pa-

141 2473 289 2529 riter
317 2469 633 2526 adtendere
662 2489 677 2523 :
724 2485 1080 2543 cognoscere
1110 2468 1249 2543 quid
1278 2468 1412 2524 bon'i
1438 2468 1727 2544 utrisque,
1756 2478 1854 2528 aut
1884 2490 2017 2531 con·

143 2569 234 2620 tra
282 2567 478 2620 esset:
534 2560 848 2635 explorare
890 2560 1098 2616 itinera
1147 2577 1371 2633 regum,
1411 2559 1648 2617 consilia
1691 2570 1750 2620 et
1790 2563 2019 2627 insidias

64 2699 67 2704 .
139 2653 481 2712 antevenire
509 2675 522 2710 ε
568 2651 712 2709 nihil
741 2651 893 2727 apud
921 2670 986 2708 se
1008 2652 1340 2714 remissum,
1372 2671 1564 2729 neque
1592 2656 1742 2732 apud
1771 2658 1898 2718 illos
1928 2665 2017 2721 tti-

137 2753 260 2805 tum
304 2744 465 2821 pati:
512 2744 716 2821 Itaque
764 2750 825 2802 et
865 2743 1170 2812 Gaetulos,
1212 2751 1272 2803 et
1317 2744 1687 2822 sagunnam,
1727 2768 1801 2808 ex
1847 2752 2017 2813 sociis

142 2838 351 2897 nostris
380 2838 654 2915 praedam
682 2846 935 2914 agentes,
979 2855 1158 2913 saepe
1185 2839 1488 2914 adgressus
1532 2841 1739 2901 itinere
1769 2843 2016 2917 fuderat,

140 2929 446 3009 ipsumque
477 2948 676 3007 regem
712 2932 863 2989 haud
894 2931 1098 3007 procul
1130 2932 1212 2989 ab
1233 2932 1454 3008 oppido
1475 2931 1889 2996 ›Cirta-”armis
1913 2958 2014 2998 ex-

148 3029 332 3081 uerat.
418 3024 586 3094 Quae
616 3033 915 3100 postquam
962 3023 1214 3098 gloriosa
1240 3025 1430 3093 modo,
1462 3042 1655 3101 neque
1691 3025 1875 3087 “belli
1914 3050 2009 3107 pa-

143 3117 322 3173 trandi
341 3116 632 3192 coguovit,
661 3117 856 3176 statuit
880 3117 1066 3185 urbis,
1084 3133 1236 3192 quae
1263 3117 1402 3173 viris
1425 3123 1522 3172 aut
1536 3116 1683 3174 loco
1713 3118 1864 3195 ⁹‘³pro
1880 3124 2010 3180 hos.

150 3205 319 3269 tibus.
366 3215 428 3266 et
474 3208 782 3266 advorsum
820 3226 886 3266 se
933 3207 1479 3283 opportunissumae
1521 3217 1704 3279 erant,
1757 3211 2006 3282 singulas

96 3285 608 3358 '2circumvenire2
656 3299 735 3356 ita
773 3299 1120 3374 ,Iugurtham
1149 3307 1247 3358 aut
1274 3297 1580 3373 praesidiis
1626 3300 1919 3370 nudatum,
1957 3305 2009 3365 ,i

132 3404 213 3447 sea
238 3398 562 3469 pateretur,
589 3396 687 3449 aut
713 3390 937 3468 praelio
956 3398 1338 3450 certaturum.
1385 3389 1535 3452 Nam
1564 3387 1831 3449 Bocchus
1860 3410 2004 3460 uuna.

1012 3482 1150 3542 ,ΒΞ
