2259 3875
226 296 302 355 88
815 290 1136 359 Sumam
1164 284 1506 361 Juovnrm.

217 448 333 510 tiae
361 449 557 524 donat,
583 451 890 514 universos
920 454 987 536 *in
1014 456 1293 517 concione
1332 452 1546 527 laudat,
1573 459 1751 534 atque
1777 444 1893 532 agit
1914 456 2078 533 gratia

219 562 282 603 aa
310 566 325 618 3
370 545 655 619 hortatur,
682 547 754 605 ad
779 557 1003 619 cetera,
1031 569 1179 627 qeae
1220 548 1375 608 levia
1401 555 1552 621 sunt,
1592 542 1798 626 parem
1842 551 2077 610 animum

215 646 420 712 gerant
445 660 462 696 :
505 658 616 714 pro
644 640 891 699 victoria
917 644 1053 701 satis
1069 642 1194 719 jam
1219 649 1555 719 pugnatum,
1577 644 1836 722 reliquos
1859 644 2078 702 labores

217 748 329 806 pro
355 729 572 806 praeda
599 729 744 790 fore.
832 732 1059 803 Tamen
1106 734 1343 793 interim
1376 732 1700 810 transfugas
1726 743 1789 795 et
1816 736 1956 795 alios
1984 754 2081 812 op-

215 830 522 899 portunos,
550 822 838 900 Jugurtha
871 825 971 883 ubi
1010 826 1293 901 gentium,
1334 837 1434 893 aut
1480 829 1618 905 quid
1667 828 1932 904 agitaret,
1960 846 2080 887 cum

214 914 494 992 paucisne
522 926 700 985 esset,
733 936 807 975 an
828 919 1157 978 exercitum
1203 921 1471 991 haberet,
1500 928 1563 979 ut
1590 939 1725 979 sese
1753 923 1943 983 victus
1983 937 2076 996 ge-

217 1016 385 1068 reret
408 1011 773 1088 exploratum
800 1011 970 1070 misit.
1055 1013 1132 1073 At
1156 1012 1258 1070 ille
1287 1031 1420 1072 sese
1461 1014 1522 1072 in
1565 1015 1695 1072 loca
1733 1015 1986 1072 saltuosa
2027 1016 2080 1069 et

217 1109 425 1161 natura
451 1104 671 1163 munita
696 1112 1042 1179 receperat:
1088 1105 1289 1183 ibique
1315 1108 1561 1183 cogebat
1590 1108 1919 1165 exercitum
1944 1106 2083 1164 ωου-

214 1194 697 1275 mero’hominum
722 1195 1085 1272 ampliorem,
1107 1197 1209 1255 sed
1232 1196 1505 1256 hebetem
1521 1197 1949 1271 infirmumque,
1972 1196 2087 1272 agri

219 1305 288 1345 ac.
317 1290 548 1361 pecoris
578 1289 772 1361 magiS,
804 1308 974 1364 quam
1001 1287 1141 1346 belli
1162 1290 1471 1347 cultorem.
1555 1288 1618 1345 ld
1636 1306 1715 1346 ea
1738 1287 1920 1362 gratia
1951 1302 2086 1344 eve·

219 1378 436 1448 niebat‚
465 1379 641 1455 quod,
670 1394 929 1457 praeter·
950 1381 1142 1456 regios
1182 1381 1433 1458 equites,
1486 1398 1656 1439 nemo
1686 1380 1940 1437 omnium
1969 1377 2085 1437 Nu-

216 1470 500 1529 midarum
525 1491 600 1531 ex
643 1471 776 1549 fuga
804 1493 1003 1550 regem
1032 1476 1341 1553 sequitur;
1384 1493 1500 1552 quo
1540 1480 1826 1551 cujusque
1870 1474 2084 1530 animus

217 1563 354 1633 fert,
383 1584 456 1623 eo
478 1565 782 1626 discedunt
806 1589 822 1624 ε
868 1585 1060 1644 neque
1102 1568 1160 1625 id
1206 1566 1527 1642 “flagitium
1554 1566 1791 1623 militiae
1815 1565 2080 1624 ducitur:

215 1656 338 1717 ²⁵ita
381 1678 446 1717 se
488 1671 679 1718 mores
727 1661 960 1718 habent.
1047 1660 1231 1737 Igitur
1279 1659 1556 1719 Metellus
1598 1660 1698 1716 ubi
1750 1656 1914 1715 videt
1941 1654 2083 1729 regis

220 1751 390 1821 etiam
416 1765 535 1809 tum
568 1753 817 1809 animum
840 1752 1145 1811 fflferocem
1174 1775 1188 1824 ;
1220 1753 1438 1813 bellum
1467 1749 1761 1819 renovari,
1788 1748 1963 1833 quod,
1986 1744 2087 1805 nisi

221 1862 293 1901 ex
322 1845 476 1900 illius
521 1844 805 1909 lubidine,
831 1843 999 1916 ”geri
1045 1863 1157 1902 non
1202 1854 1442 1919 posset3
1485 1850 1801 1921 praeterea
1835 1842 2087 1918 iniquum

220 1945 515 1995 certamen
543 1934 651 1990 sibi
675 1953 804 1993 cum
830 1935 1115 2001 hostibus,
1138 1937 1362 1995 minore
1386 1939 1733 1996 detrimento
1757 1939 1887 2000 illos
1917 1931 2089 2003 vinci,

221 2046 389 2104 quam
412 2041 546 2083 suos
569 2024 809 2083 vincere
837 2047 853 2095 ;
897 2027 1094 2085 statuit
1116 2027 1275 2084 28ιιοιι
1303 2028 1563 2103 praeliis,
1594 2047 1791 2103 neque
1813 2029 1963 2096 acie,
1992 2023 2088 2086 ned

222 2120 334 2179 alio
363 2137 526 2177 more
570 2120 786 2179 bellum
825 2111 1171 2194 gerundum.
1261 2119 1463 2195 ltaque
1514 2121 1573 2176 in
1616 2120 1927 2178 Numidiae
1968 2122 2090 2178 loca

221 2216 675 2291 opulentissuma
699 2214 908 2289 pergit,
929 2229 1095 2288 agros
1125 2218 1328 2278 vastat,
1356 2212 1534 2268 multa
1581 2208 1817 2268 castella
1838 2219 1897 2267 et
1928 2211 2088 2287 oppi-

222 2309 313 2372 da,
339 2308 610 2366 ”temere
640 2306 878 2372 munita,
906 2314 1003 2363 aut
1026 2304 1151 2363 sine
1173 2303 1486 2380 praeeidio.
1512 2305 1670 2380 capit
1697 2302 2088 2379 incenditque,

223 2403 480 2476 puberes
512 2400 761 2461 interfici
781 2399 953 2479 jubet
979 2421 993 2456 ε
1025 2398 1135 2456 alia
1166 2398 1355 2456 omnia
1385 2397 1627 2456 militum
1650 2395 1911 2473 ³⁰praeda
1939 2413 2085 2454 esse.

224 2493 310 2551 Ea
336 2496 640 2552 formidine
668 2493 831 2552 multi
855 2494 1129 2551 mortales
1160 2492 1433 2551 Romanis
1462 2491 1640 2548 dediti
1671 2489 1902 2548 obsides
1927 2510 1943 2561 ;
1974 2487 2085 2546 fru-

222 2589 480 2643 mentum
508 2593 567 2641 et
605 2585 738 2652 alia,
784 2606 933 2661 quae
965 2586 1090 2643 usui
1120 2585 1335 2650 forent,
1363 2582 1593 2642 adfatim
1620 2583 1921 2660 praebita:
1971 2578 2086 2639 ubi·

224 2694 475 2752 cumque
501 2692 596 2732 res
621 2679 966 2750 postulabat,
986 2678 1344 2752 praesidium
1366 2675 1758 2770 impositum&
1805 2679 1971 2747 Quae
1992 2694 2086 2733 ne·

220 2772 376 2850 gotia
395 2770 574 2827 multo
598 2769 793 2842 magis,
823 2788 990 2844 quam
1021 2770 1307 2843 praelium
1349 2769 1499 2824 male
1531 2777 1840 2842 pugnatum
1873 2772 1972 2847 [ab
1998 2787 2084 2827 su-

222 2865 302 2941 is]
336 2883 537 2938 regem
562 2861 861 2920 terrebant
887 2882 901 2917 z
934 2860 1179 2936 quippe,
1204 2859 1342 2916 ³¹cui
1364 2875 1499 2931 spes
1522 2858 1703 2914 omnis
1727 2859 1783 2915 in
1806 2858 1941 2933 fuga
1964 2865 2090 2931 sita,

224 2960 394 3033 sequi
421 2958 779 3030 cogebatur;
825 2964 885 3011 et
912 2952 1009 3030 qui
1034 2951 1180 3009 ”sua
1203 2951 1331 3008 loca
1370 2949 1693 3007 defendere
1720 2945 2092 3026 nequiverat,

174 3048 284 3118 ·5in
315 3048 514 3106 alienis
537 3051 752 3109 bellum
777 3064 1014 3124 gerere.
1101 3043 1329 3101 Tamen
1353 3042 1471 3099 ³³ex
1498 3044 1687 3117 copia.
1731 3044 1884 3121 quod
1928 3053 2089 3122 optu-

229 3157 386 3199 mum
415 3139 737 3209 videbatur,
766 3139 1069 3201 consilium
1097 3138 1289 3214 capit:
1335 3135 1666 3194 exercitum
1704 3134 2091 3216 &plerumque

229 3232 290 3291 in
317 3233 501 3291 isdem
528 3228 669 3287 locis
707 3233 969 3310 opperiri
986 3234 1204 3310 Jubet3
1248 3230 1378 3307 ipse
1425 3247 1561 3289 eum
1600 3231 1845 3290 delectis
1886 3232 2088 3308 equiti-

228 3325 342 3382 bus
369 3322 675 3384 Metellum
694 3332 998 3398 sequitur-„3
1029 3326 1324 3386 nocturnis
1354 3336 1413 3383 et
1439 3325 1625 3383 ³⁵aviis
1646 3325 1950 3385 itineribus
1969 3324 2114 3402 ³⁶ig·.

235 3422 469 3474 notatus
496 3414 782 3473 Romanos
803 3418 1044 3489 palantis
1066 3427 1314 3491 repente
1336 3416 1703 3489 adgreditur:
1736 3434 1940 3475 eorum
1964 3418 2085 3492 ple-
