2259 3875
22 3449 27 3554 ἱ

772 228 1087 288 Surus-ru
1110 227 1146 284 J
1151 244 1451 290 ucunrm.
1685 231 1692 235 ’
1970 232 2045 289 ’75

171 392 406 448 truncat
440 409 454 446 :
500 384 606 444 sed
631 384 757 463 ipse
783 386 1213 465 deprehensus,
1231 383 1423 444 multis
1442 385 1821 459 hortantibus,
1850 394 1911 447 et
1933 385 2044 446 im·

167 482 374 558 primis
403 480 621 538 Albino
665 482 933 548 consule,
973 480 1291 538 ”indicium
1339 477 1666 555 profitetur.
1743 480 1876 540 ”Fit
1902 496 2042 540 reus

168 574 347 650 magis
377 590 454 633 ex
475 591 664 649 aequo
683 573 975 650 bonoque,
1000 591 1171 649 quam
1193 590 1265 630 ex
1278 572 1419 648 jure
1433 569 1712 646 gentium,
1738 568 2040 645 Bomilcar,

172 684 370 724 comes
399 667 527 742 ejus
577 665 675 742 qui
698 664 941 725 Romam
970 665 1083 723 fide
1112 665 1346 741 publica
1372 674 1638 722 venerat.
1728 663 1807 720 At
1832 662 2043 737 Jugur'·

172 759 272 817 tha
298 757 631 831 manifestus
659 758 798 818 tanti
841 760 1107 828 sceleris,
1156 777 1268 816 non
1299 757 1460 835 prius
1488 755 1677 815 omisit
1717 760 1919 813 contra
1944 774 2044 815 ve·

171 869 303 909 rum
347 852 470 921 niti,
499 869 669 928 quam
716 852 1008 910 ⁷⁹animum
1042 849 1310 920 advortit,
1364 868 1542 926 supra
1586 848 1827 925 gratiam
1872 856 2046 923 atque

171 944 479 1019 pecuniam
505 943 666 1003 suam
708 945 979 1003 invidiam
1024 944 1157 1002 sacti
1213 963 1366 1002 esse.
1451 943 1657 1018 Igitur,
1704 948 2048 1017 quamquam

177 1034 278 1112 aoin
306 1037 503 1112 priore
525 1039 750 1098 actione
774 1058 850 1097 ex
871 1041 1068 1109 amicis
1091 1040 1501 1116 quinquaginta
1518 1037 1736 1095 ”vades
1755 1038 2002 1095 dederat
2028 1058 2043 1109 3

173 1147 360 1203 regno
389 1132 579 1207 magis,
609 1151 780 1210 quam
810 1135 1048 1192 vadibus
1091 1133 1426 1199 consulenS,
1460 1132 1609 1188 clam
1636 1130 1694 1187 in
1716 1129 2046 1188 Numidiam

173 1221 557 1285 Bomilcarem
581 1225 827 1285 dimittit.
864 1227 1104 1293 veritus,
1134 1245 1211 1284 ue
1242 1226 1499 1300 reliquos
1531 1223 1825 1299 popularis
1853 1231 2044 1284 metus

170 1311 473 1374 invaderet
503 1319 744 1392 parendi
772 1320 904 1390 sibi,
932 1322 979 1378 si
1001 1319 1077 1377 de
1105 1319 1207 1376 illo
1229 1313 1575 1394 supplicium
1599 1324 1846 1376 sumtum
1866 1316 2040 1377 foret.

171 1405 244 1463 Et
266 1406 399 1483 ipse
426 1411 631 1485 paucis
677 1413 880 1470 diebus
930 1410 1271 1488 ”profectus
1326 1421 1436 1476 est,
1484 1410 1689 1484 jussus
1738 1411 1807 1466 ab
1835 1418 2044 1469 senatu

173 1497 332 1559 ltalia
359 1502 677 1559 decedere.
760 1506 893 1569 Sed,
928 1494 1228 1578 postquam
1280 1502 1466 1559 Roma
1494 1519 1762 1575 egressus
1786 1512 1895 1571 est,
1923 1503 2040 1561 fer—

171 1600 264 1652 tur
289 1612 469 1671 saepe
497 1613 571 1652 eo
598 1593 804 1653 tacitus
834 1595 1184 1668 respiciens„
1212 1603 1509 1670 postremo
1538 1594 1777 1659 dixisse,
1797 1593 2045 1653 ”vassu

171 1707 447 1747 venirem
476 1706 554 1746 m·
583 1705 824 1745 munus
856 1704 1220 1748 ramwasm,
1250 1705 1300 1743 st
1332 1704 1654 1745 amru-onum
1683 1692 2038 1746 mvmmu'r!

243 1779 518 1839 XXXVI.
544 1780 805 1838 Ina-eam
839 1781 1099 1846 Albinus,
1122 1789 1404 1839 renovato
1435 1780 1613 1849 bello,
1631 1786 2041 1851 commeatum,

168 1873 541 1952 stipendium,
591 1874 703 1933 alia
748 1890 896 1951 quae
926 1874 1199 1931 militibus
1241 1878 1367 1932 usui
1413 1871 1629 1944 forent,
1663 1874 1951 1934 “maturat
1978 1874 2038 1932 in

114 2009 125 2022 .
171 1970 419 2028 Africam
446 1975 683 2046 portare
708 1990 725 2040 ς
769 1987 837 2026 ac
865 1968 1053 2041 statim
1076 1969 1203 2044 ipse
1234 1966 1553 2044 profectus,
1584 1968 1664 2027 uti
1695 1978 1828 2027 ante
1857 1967 2044 2027 comi·.

168 2061 261 2131 tia,
289 2067 439 2142 quod
464 2071 691 2140 tempus
722 2064 873 2122 haud
900 2064 1067 2139 longe
1098 2066 1321 2130 aberat,
1362 2064 1555 2131 armis,
1597 2072 1692 2121 aut
1717 2065 2035 2136 deditione,

167 2163 260 2214 aut
278 2160 486 2235 quovis
527 2158 698 2217 modo
725 2158 941 2215 bellum
983 2158 1324 2216 conticeret.
1412 2158 1486 2213 At
1525 2164 1729 2213 contra
1749 2154 2038 2228 Ju'gurtha

165 2251 400 2309 trahere
424 2252 638 2319 omnia,
669 2261 732 2309 et
771 2251 935 2316 alias,
982 2252 1194 2309 deiude
1222 2251 1362 2306 alias
1391 2265 1590 2306 morae
1619 2263 1851 2304 caussas
1879 2246 2039 2306 face-

162 2357 229 2398 re
253 2362 267 2395 z
312 2340 581 2413 polliceri
631 2342 1006 2408 deditionem,
1056 2358 1121 2397 ac
1176 2340 1391 2396 deinde
1445 2329 1665 2395 metum
1716 2335 1990 2397 simulare
2017 2359 2033 2396 ε

159 2431 434 2490 ⁸⁵instanti
454 2432 698 2501 cedere,
719 2442 778 2489 et
803 2432 998 2505 paullo
1018 2441 1170 2506 post,
1194 2448 1269 2487 ne
1291 2430 1381 2485 sui
1400 2428 1749 2500 diffiderent,
1773 2430 1989 2488 instare
2018 2452 2033 2488 z

158 2524 239 2581 ita
257 2521 401 2584 belli
429 2524 622 2591 modo,
647 2525 813 2581 modo
841 2527 1000 2598 pacis
1030 2542 1214 2590 mora,
1237 2523 1534 2580 consulem
1561 2522 1885 2596 ludificare.
1949 2526 2036 2583 Ac

155 2615 356 2685 fuere,
384 2617 483 2691 qui
511 2623 633 2675 tum
659 2616 930 2674 Albinum
961 2615 1111 2674 haud
1143 2615 1403 2690 ignarum
1428 2615 1652 2676 consilii
1694 2618 1848 2694 regis
1875 2619 2027 2678 exis-

130 2713 449 2767 ¹*tumarent
493 2717 688 2782 neque
726 2710 843 2764 ⁸⁰ex
890 2717 1042 2766 tanta
1085 2709 1460 2784 properantia
1502 2715 1612 2769 tam
1655 2710 1825 2769 facile
1872 2716 2023 2767 trac-

158 2807 275 2860 tum
303 2800 524 2859 bellum
561 2800 827 2860 secordia
854 2801 1052 2877 magis,
1100 2819 1271 2877 quam
1312 2783 1467 2868 dolo,
1495 2804 1831 2861 crederent.
1916 2801 2032 2860 Sed

157 2902 476 2972 postquam,
504 2894 729 2972 dilapso
771 2900 1061 2971 tempore,
1101 2895 1479 2954 comitiorum
1505 2896 1629 2954 dies
1658 2893 2025 2968 adventabat,

162 2988 419 3056 Albinus,
442 2988 595 3046 Aulo
623 2987 804 3047 fratre
843 2988 900 3047 in
929 2988 1134 3047 castris
1160 2990 1310 3065 ⁸¹⁷pro
1342 2995 1619 3065 praetore
1649 2984 1878 3059 relicto,
1907 2986 2023 3048 Ro-

159 3096 303 3139 mam
327 3081 601 3139 decessit.

230 3169 539 3230 XXXVlI.
582 3172 676 3230 EA
703 3180 1048 3250 tempestate
1099 3175 1320 3232 Romae
1359 3172 1740 3248 seditionibus
1779 3161 2021 3232 tribuni·

158 3255 256 3345 ciis
285 3262 576 3323 atrociter
610 3265 957 3341 'respublica
1009 3268 1348 3343 agitabatur.
1436 3264 1511 3340 P..
1545 3265 1820 3326 Lucullus
1864 3268 1926 3319 et
1950 3263 2018 3321 L.

162 3358 396 3432 Annius,
425 3355 650 3417 tribuni
688 3343 900 3437 plebiS,
928 3356 1329 3421 resistentibus
1357 3359 1617 3436 collegis,
1642 3349 2021 3416 &continuare
