2259 3875
413 268 488 329 94
907 263 1231 325 simum-n
1269 265 1307 323 J
1310 284 1615 332 noun-rm.

316 421 424 481 bus
454 423 577 483 aliis
605 421 674 482 ad
699 421 1052 484 deditionem
1080 425 1234 500 regis
1256 426 1507 485 animum
1530 424 1798 503 impellit.
1880 424 2165 487 Mittuntur

316 515 385 573 ad
413 516 826 593 imperatorem
854 516 1061 591 legati:
1106 526 1147 553 ‘⁶
1166 516 1552 593 ⁷⁴Jugurtham,
1576 519 1860 596 imperata
1887 517 2162 590 facturum,

314 627 380 666 ac
399 609 566 667 '¹⁵aine
587 610 704 668 ulla
732 610 999 686 pactione
1023 628 1158 669 sese
1182 600 1541 687 regnumque
1569 630 1739 670 suum
1764 612 1825 670 in
1845 611 1999 669 illius
2019 611 2161 668 fidem

311 700 613 758 tradere.”
695 701 971 760 Metellus
1002 721 1261 777 propere
1291 711 1530 761 cunctos
1556 704 1830 762 senatorii
1867 703 2074 761 ordinis
2097 718 2159 759 ex

309 791 573 850 hibernis
598 794 869 851 arcessiri
903 794 1076 869 jubet
1103 816 1116 851 :
1165 812 1368 853 eorum
1396 802 1571 870 atque
1601 796 1865 875 aliorum,
1894 812 2033 871 quos
2057 794 2157 851 ido·

306 901 451 941 neos
495 884 762 952 ducebat,
804 884 1106 943 consilium
1151 885 1343 943 habet.
1430 886 1515 944 Ita
1556 905 1721 944 more
1761 879 2055 962 majorum,
2099 901 2160 940 ex

306 976 531 1034 consilii
573 978 836 1045 decreto,
885 996 995 1059 per
1036 977 1254 1051 legatos
1302 974 1626 1051 Jugurtbae
1669 978 1915 1055 imperat
1963 974 2157 1052 argenti
2245 996 2248 1061 1ς

305 1069 498 1143 pondo
519 1069 770 1126 ducenta
791 1068 993 1136 millia,
1013 1070 1356 1143 elephantos
1383 1070 1587 1138 omnis,
1606 1088 1893 1146 equorum
1915 1075 1975 1127 et
2002 1084 2155 1126 armo·
2239 1068 2248 1149 ss

307 1174 434 1214 rum
464 1158 835 1233 aliquantum.
920 1160 1085 1230 Quae
1136 1154 1448 1236 postquam
1487 1162 1612 1218 sine
1656 1178 1819 1217 mora
1856 1158 2005 1217 facta
2029 1166 2157 1227 sunt,

296 1247 471 1323 jubet
498 1266 696 1306 omues
721 1249 991 1325 perfugas
1021 1253 1245 1310 vinctos
1276 1252 1477 1310 adduci
1503 1273 1517 1307 z
1564 1269 1769 1307 eorum
1798 1270 1997 1323 magna
2026 1267 2160 1323 pars,
2241 1246 2248 1331 ff

304 1346 373 1396 ut
413 1339 639 1414 jussum
687 1351 836 1410 erat,
893 1343 1119 1402 adducti
1155 1366 1180 1414 ς
1239 1343 1428 1418 pauci,
1478 1360 1610 1399 cum
1650 1342 1913 1424 ‚primum
1969 1340 2157 1417 deditio
2249 1382 2250 1385 η

306 1434 522 1508 coepit,
577 1436 645 1492 ad
701 1455 901 1512 regem
956 1437 1252 1496 Bocchum
1306 1439 1362 1494 in
1425 1428 1844 1495 Mauretaniam
1900 1435 2152 1493 abierant.

305 1524 488 1601 Igitur
510 1525 818 1604 Jugurtha,
848 1534 946 1587 ubi
984 1533 1157 1588 armis
1187 1532 1447 1606 virisque
1490 1537 1551 1587 et
1589 1529 1839 1604 pecunia
1878 1528 2151 1603 spoliatus,

304 1623 590 1695 cumipse
639 1622 706 1679 ad
748 1621 1190 1698 ‘¹⁶imperandum
1232 1620 1566 1678 ”Tisidium
1606 1627 1940 1689 vocaretur,
1980 1632 2153 1676 rursus

302 1712 500 1785 coepit
519 1710 767 1772 flectere
796 1715 1044 1774 animum
1064 1735 1255 1781 suum,
1284 1720 1347 1773 et
1366 1734 1440 1772 ex
1465 1714 1612 1772 mala
1632 1711 1984 1771 conscientia
2012 1710 2156 1783 digna

303 1802 537 1861 timere.
625 1807 894 1881 Denique
939 1808 1134 1865 multis
1182 1810 1385 1866 diebus
1435 1826 1545 1884 per
1591 1806 2001 1863 dubitationem
2037 1816 2151 1858 con·

296 1895 537 1967 sumptis
564 1917 580 1964 ς
624 1915 758 1954 cum
786 1900 952 1956 modo
978 1900 1172 1957 taedio
1201 1919 1402 1960 rerum
1427 1886 1801 1958 advorsarum
1822 1895 2010 1954 omnia
2046 1890 2148 1949 bel·
2174 1934 2186 1944 -

297 1984 359 2042 lo
388 1988 617 2059 potiora
634 1991 907 2053 duceret,
931 1994 1221 2049 interdum
1262 2007 1462 2051 aecum
1504 1992 1632 2066 ipse
1659 1999 1983 2067 reputaret,
2010 2000 2156 2063 qum

299 2076 493 2150 gravis
521 2095 688 2135 casus
735 2081 794 2137 in
821 2082 1123 2140 servitium
1152 2101 1228 2139 ex
1255 2100 1434 2156 regno
1463 2081 1658 2150 foret3
1703 2083 1896 2141 multis
1938 2077 2154 2155 maguis·

303 2187 417 2245 que
446 2172 747 2246 praesidiis
776 2175 1163 2250 nequidquam
1194 2176 1459 2249 perditis,
1489 2176 1563 2230 de
1585 2173 1811 2247 integro
1839 2173 2057 2230 bellum
2079 2184 2158 2225 su·

299 2263 425 2320 mit.
510 2264 730 2328 Romae
772 2274 1003 2325 senatus
1041 2268 1117 2326 de
1162 2269 1476 2343 provinciis
1516 2267 1811 2328 consultus
1850 2264 2163 2324 Numidiam

301 2355 548 2417 Metello
576 2361 944 2420 decreverat.
2139 2427 2142 2436 ,

260 2503 267 2506 .
378 2452 593 2511 Lxlu.
641 2456 767 2517 Pan
814 2457 1223 2534 idemtempus
1251 2457 1460 2516 Uticae
1490 2455 1638 2513 forte
1662 2454 1779 2512 ⁷⁸0.
1812 2450 2025 2516 Mario,
2068 2459 2161 2525 per

302 2544 516 2603 hostias
543 2549 628 2605 dis
651 2553 1025 2627 supplicanti.
1054 2564 1092 2588 “
1121 2572 1320 2628 magna
1347 2561 1519 2629 atque
1548 2550 1830 2609 mirabilia
1860 2541 2159 2624 portendi'’

297 2637 596 2714 haruspex
636 2642 896 2702 dixerat:
943 2655 983 2681 ‘⁴
1014 2647 1260 2721 proinde
1311 2665 1464 2722 quae
1504 2646 1693 2703 animo
1717 2643 2032 2717 ‘¹⁹agitabat.
2059 2639 2162 2701 fre·

300 2739 392 2793 tus
432 2733 518 2790 dis
559 2740 800 2808 ageret3
843 2736 1128 2797 fortunam
1159 2757 1328 2814 quam
1365 2738 1721 2812 saepissume
1756 2737 2160 2812 experiretur;

298 2838 507 2886 cuncta
536 2844 822 2905 prospera
842 2830 1195 2887 eventura.”
1280 2831 1353 2884 At
1377 2829 1540 2885 illum
1560 2828 1684 2901 jam
1712 2836 1882 2884 antea
1908 2827 2163 2887 consula-

298 2925 390 2977 tus
416 2919 617 2995 ingena
645 2919 858 2994 cupido
888 2920 1212 2995 exagitabat
1237 2942 1253 2976 ι
1298 2919 1367 2974 ad
1397 2935 1572 2995 quem
1598 2917 1969 2992 capiundum,
2004 2935 2162 2995 pmc-

300 3019 395 3067 ter
421 3021 764 3072 vetustatem
791 3010 1062 3080 familiae,
1090 3012 1201 3068 alia
1239 3011 1427 3068 omnia
1468 3010 1697 3068 abunde
1726 3018 1893 3068 erant
1920 3032 1936 3077 ;
1981 3013 2165 3071 indm·

299 3102 431 3172 tria,
453 3109 728 3178 probitas,
742 3106 979 3169 militiae
1002 3126 1204 3182 magna
1224 3106 1487 3169 scientia.
1507 3105 1767 3165 “animus
1790 3106 1929 3162 belli
1949 3106 2168 3182 iugem,

299 3197 452 3254 domi
481 3199 759 3278 modicus,
790 3199 1060 3259 lubidinis
1089 3208 1150 3258 et
1177 3199 1509 3260 divitiarum
1547 3199 1757 3268 victor,
1781 3195 2170 3258 tantummodo

211 3321 216 3329 ·
299 3287 519 3363 gloriae
548 3289 763 3349 avidus.
816 3295 930 3351 Sed
956 3294 1088 3352 8¹hia
1116 3301 1305 3360 natue,
1335 3301 1395 3352 et
1423 3311 1651 3352 omnem
1681 3292 1991 3370 pueritiam
2018 3291 2170 3354 ⁸²&-

303 3380 424 3453 pini
450 3380 620 3449 altus,
655 3381 757 3437 ubi
781 3385 1031 3456 primum
1057 3394 1215 3448 aetas
1236 3385 1473 3464 militiae
1500 3386 1726 3463 patiens
1750 3384 1881 3456 fuit‚·
1906 3383 2174 3466 ”stiffi-

582 3491 691 3598 ἰ
766 3524 772 3530 ·
1865 3529 1872 3542 ‚
2015 3547 2200 3638 x
