2259 3875
2249 174 2252 203 4

378 216 451 274 96
808 226 817 235 ·
939 217 1254 277 διιωειτιι
1280 217 1317 274 J
1322 233 1623 279 usuam-ua..
2251 220 2252 223 ’

374 390 567 450 neque
582 371 745 431 dicto
767 358 1084 451 abstinere,
1115 372 1269 448 quod
1298 374 1469 430 modo
1493 373 1901 435 “ambitiosum
1929 375 2115 436 foret:
2141 373 2215 435 mi·

342 464 525 541 ‘litem
557 464 765 539 quibus
795 463 853 520 in
877 461 1140 520 hibernis
1188 474 1487 539 praeerat,
1510 466 1739 525 laxiore
1788 467 2061 545 imperio,
2085 482 2214 545 quam

371 566 560 625 antea,
590 556 813 614 habere
849 577 863 613 z
910 556 1061 631 apud
1090 557 1500 630 negotiatores,
1551 577 1801 635 quorum
1843 580 2042 643 magna
2065 558 2215 623 multi·

370 650 508 708 tudo
537 648 746 708 Uticae
776 655 925 717 erat,
946 647 1302 706 “criminose
1327 649 1522 720 simul,
1577 660 1639 710 et
1667 651 1971 728 magnifice
1996 653 2069 711 de
2093 650 2213 710 bello

374 742 537 820 loqui
571 763 586 798 ε
633 750 674 776 “
697 740 974 799 ”dimidia
1000 759 1138 817 pars
1167 743 1463 802 exercitus
1485 742 1598 802 sibi
1623 746 2090 823 permitteretur,
2108 761 2211 821 pau·
2249 762 2252 787 ³

370 837 452 896 cis
482 834 688 895 diebus
727 833 1071 910 Jugurtham
1114 832 1173 891 in
1214 834 1434 894 catenis
1479 836 1877 969 habiturqu·
1907 841 1977 898 ab
2003 841 2208 915 impert·
2249 854 2252 877 ¹

368 935 500 991 tore
524 929 787 997 consulto
816 926 989 994 trabi,
1019 928 1172 1004 quod
1218 927 1391 987 homo
1435 927 1662 991 ”inanis
1693 920 2017 1025 ekfflregiae
2041 944 2205 1007 super·

365 1023 499 1083 biae
526 1022 775 1099 imperio
819 1020 983 1078 nimis
1023 1020 1377 1094 gauderet.”
1461 1022 1646 1095 Quae,
1679 1019 1869 1099 omnia
1908 1024 2023 1083 illis
2049 1041 2120 1083 eo
2141 1019 2205 1079 fir·

364 1115 547 1174 miora
588 1115 961 1182 videbantur,
1004 1113 1158 1190 quod
1218 1113 1597 1174 diuturnitate
1640 1117 1784 1196 belli⁴
1819 1135 1919 1176 res
1959 1098 2203 1175 sammitis

366 1214 779 1282 corruperant,
809 1215 868 1264 et
887 1206 1114 1263 ”animo
1138 1206 1400 1289 cupienti
1431 1208 1573 1265 nihil
1599 1209 1734 1266 satis
1760 1194 2098 1268 festinatum*

444 1300 628 1358 va„
673 1301 842 1358 Esar
873 1308 1185 1377 praeterea
1214 1301 1273 1361 in
1301 1300 1563 1359 exercitu
1615 1300 1812 1383 nostro
1840 1297 2094 1358 Numida
2120 1299 2203 1379 qui·

363 1399 514 1464 dam,
552 1397 784 1459 nomine
824 1395 1046 1461 Gauda,
1093 1396 1494 1454 Mastanabalis
1527 1394 1703 1464 filius,
1756 1395 2099 1454 Masinissae
2133 1410 2200 1453 ne·

360 1510 490 1568 pos,
522 1509 696 1571 quem
723 1489 969 1567 Micipsa
991 1496 1337 1547 testamento
1356 1489 1736 1571 u’‘'secunduisi
1759 1488 2039 1575 heredem
2058 1485 2199 1567 scrip·

361 1592 539 1654 serat,
565 1584 802 1643 ¹morbis
833 1580 1159 1651 confectus„
1193 1592 1252 1639 et
1292 1583 1367 1639 ob
1414 1600 1545 1640 eam
1568 1578 1832 1640 caussam
1859 1589 2050 1640 mente
2077 1577 2198 1656 paul·

360 1678 482 1739 lum
521 1679 837 1737 imminuta.
948 1673 1060 1732 Cui
1104 1673 1382 1733 Metellus
1426 1675 1670 1751 petenti,
1712 1693 1877 1732 more
1917 1692 2110 1750 regum
2143 1668 2197 1728 uti

359 1771 581 1828 ²sellam
595 1771 764 1845 juxta
786 1778 1056 1845 poneret,
1077 1775 1214 1827 item
1238 1779 1440 1845 postea
1461 1766 1757 1827 custodiae
1776 1786 1975 1826 caussa
1996 1775 2197 1824 turmam

370 1862 631 1936 equitum
684 1861 1096 1925 Romanorum,
1158 1870 1471 1936 utrumque
1528 1854 1847 1936 ’negaverat
1876 1883 1891 1932 ;
1936 1861 2194 1922 honorem,

358 1954 512 2028 quod
542 1970 744 2010 eorum
775 1953 942 2009 modo
978 1949 1149 2021 ioret,
1182 1971 1325 2028 quos
1356 1955 1607 2029 populus
1628 1955 1919 2013 Romanus
1947 1971 2108 2029 reges
2128 1949 2195 2012 ad·

357 2044 696 2120 pellavisset
721 2065 737 2114 ;
782 2042 1158 2119 praesidium,
1177 2045 1330 2119 quod
1354 2045 1835 2105 contumeliosum
1851 2049 1910 2106 in
1939 2066 2039 2106 eos
2059 2044 2192 2111 foret,

357 2136 406 2200 si
436 2137 664 2216 equites
694 2136 934 2196 Romani
962 2135 1243 2193 satellites
1272 2134 1557 2195 Numidae
1586 2141 1980 2198 traderentur.
2063 2137 2194 2197 Hunc

358 2233 576 2291 Marius
604 2232 855 2290 ⁸anxium
884 2229 1218 2303 adgreditur
1239 2237 1411 2305 atque
1435 2230 1720 2299 hortatur,
1750 2232 1833 2289 uti
1862 2219 2198 2292 contumelia·
2249 2267 2250 2308 }

355 2348 488 2388 rum
510 2325 901 2404 ⁴imperatoris
930 2342 1060 2381 cum
1087 2341 1194 2381 suo
1219 2324 1432 2381 auxilio
1453 2343 1672 2402 poenas
1693 2332 1855 2402 petat
1887 2347 1901 2383 ε
1947 2326 2199 2386 hominen
2248 2319 2250 2392 ἱ

358 2424 433 2481 ob
462 2422 693 2480 morbos
722 2419 908 2479 animo
937 2409 1141 2498 p'arum
1190 2416 1380 2476 valido
1429 2419 1703 2478 ⁵secunda
1758 2418 2024 2477 oratione
2052 2413 2196 2480 exss-

356 2517 422 2573 lit
455 2538 469 2573 ε
515 2524 556 2551 “
591 2517 750 2575 illum
779 2532 1000 2589 regem,
1027 2516 1318 2586 ingentem
1339 2513 1552 2594 virum,
1594 2512 1932 2572 Masinissae
1961 2519 2197 2590 nepotem

358 2625 489 2665 esse
524 2631 539 2665 ε
582 2609 631 2665 si
658 2607 945 2683 Jugurtha
972 2619 1201 2686 captus,
1256 2618 1354 2667 aut
1398 2611 1652 2678 occisus,
1694 2608 2008 2683 imperium
2035 2600 2197 2668 Numi·

355 2699 486 2759 diae
512 2701 639 2758 sine
667 2717 828 2760 mona
856 2701 1222 2762 habiturum:
1250 2702 1329 2758 ⁶id
1358 2702 1504 2760 adeo
1522 2713 1743 2761 mature
1767 2719 1939 2776 posse
1967 2697 2197 2760 evenire»

355 2796 405 2855 si
433 2795 560 2871 ipse
588 2795 790 2862 consul
818 2795 889 2852 ad
917 2797 973 2853 id
1025 2797 1242 2864 bellum
1291 2793 1494 2851 missus
1544 2792 1765 2851 foret.'’
1849 2794 2051 2871 Itaque
2078 2799 2132 2850 et
2147 2785 2198 2847 ss·
2247 2829 2248 2850 η

356 2890 499 2960 lum,
527 2896 589 2949 et
612 2886 863 2964 'equites
892 2886 1204 2954 Romanos,
1225 2883 1434 2941 milites
1458 2889 1519 2939 et
1535 2883 1948 2955 negotiatores,
1976 2879 2199 2988 aliosgp-
2247 2923 2248 2928 κ

356 3001 442 3048 se,
474 2984 794 3059 plerosque
821 2998 956 3056 spes
982 2977 1139 3053 pacis
1169 2973 1437 3049 impellit,
1466 2974 1551 3031 uti
1581 2971 1821 3031 Romam
1849 2975 1920 3032 ad
1965 2994 2104 3036 suos
2117 2989 2199 3042 ne·

358 3075 642 3132 cess-arios
673 3091 882 3149 aspere
930 3071 988 3132 in
1019 3067 1322 3126 Metellum
1377 3066 1451 3124 de
1481 3067 1639 3124 bello
1666 3064 1943 3137 scribant,
1983 3065 2200 3128 Marium
2247 3099 2248 3148 3

356 3164 772 3238 imperatorem
818 3171 1072 3242 poscant.
1159 3162 1256 3220 Sic
1301 3160 1385 3219 illi
1413 3181 1447 3221 a
1496 3162 1689 3221 multis
1741 3165 2075 3223 mortalibus
2095 3162 2197 3222 ’Μ
2247 3207 2248 3246 ζ

356 3254 699 3317 nestissuma
723 3258 1126 3334 suffragatione
1170 3256 1502 3318 consulatus
1556 3256 1914 3334 petebatur:
1957 3255 2199 3318 simulet

356 3350 703 3419 tempestate
729 3347 987 3420 ⁰plebes‚
1012 3349 1313 3410 nobilitate
1340 3347 1467 3408 fusa
1519 3368 1630 3425 per
1675 3350 1864 3425 legem
1890 3349 2194 3434 Maritima

359 3450 541 3491 novos
570 3430 907 3490 extollebat.
992 3439 1079 3506 Ita
1098 3439 1291 3498 Mario
1318 3448 1528 3498 cuncta
1551 3439 1905 3519 procedere.
