2259 3875
263 237 338 297 80
871 214 1185 296 Sannvsrn
1213 232 1251 293 J
1255 251 1555 296 novami-

261 391 318 454 in
348 393 640 472 reliquum
660 391 769 452 sibi
798 395 1046 465 timoris,
1094 414 1268 473 quam
1307 393 1634 474 potentiae,
1661 390 1895 452 addidit.
1980 390 2128 463 Quae

260 505 356 547 res
399 488 749 564 plerumque
778 506 1006 564 magnas
1037 489 1288 551 civitatis
1330 506 1568 566 pessum
1596 486 1799 558 dedit}
1841 485 1978 547 dum
2003 485 2126 543 alte·

261 581 314 639 ri
339 581 554 640 alteros
583 582 825 640 vincere
857 584 1066 658 quovis
1096 583 1291 650 modo,
1321 590 1385 640 et
1413 580 1621 653 {ictos
1649 566 2128 640 acerbius-ulcisci

257 672 477 732 volunt.
562 673 701 743 Sed,
730 675 804 733 de
831 674 1038 734 studiis
1082 675 1418 752 partiumet
1446 664 1709 734 omnibus
1749 672 2000 732 civitatis
2023 686 2123 729 mo·

256 767 418 830 rib'us
440 765 488 825 si
510 765 859 842 singulatim,
888 777 985 827 aut
1014 786 1122 844 pro
1153 769 1543 844 magnitudine
1591 783 1797 844 parem
1821 765 2123 831 disserere,

256 868 509 938 tempuS,
537 877 709 936 quarn
738 878 859 931 res,
918 864 1198 920 maturius
1245 861 1545 922 3⁸deserat.
1627 859 2034 937 Quamobrem·
2067 853 2125 912 ad

258 953 554 1029 inceptum
583 954 788 1011 redeo.
816 938 861 1031 j
2132 956 2137 963 ’

337 1044 556 1102 XLIII.
602 1044 760 1103 Poe-r
792 1046 926 1103 Auli
953 1047 1181 1118 foedus,
1231 1047 1651 1122 exercitusque
1685 1044 1866 1103 nostri
1922 1041 2123 1100 foedam
2183 1058 2208 1097 ι

256 1136 469 1212 fugam,
502 1137 576 1206 Q.
630 1136 911 1198 Metellus
961 1147 1022 1198 et
1073 1140 1156 1196 M.
1211 1141 1461 1207 Silanus,
1519 1136 1791 1195 consules
1844 1131 2126 1211 designati,

262 1229 655 1308 [provincias]
686 1231 842 1290 inter
871 1250 936 1290 se
963 1232 1365 1309 &paraverunt
1396 1253 1410 1289 z
1459 1228 1820 1304 Metelloque
1872 1225 2129 1284 Numidia

258 1331 561 1393 evenerat,
593 1325 715 1382 acri
766 1324 919 1393 viro,
949 1333 1009 1383 et
1037 1343 1385 1402 quamquam
1404 1322 1695 1381 4⁰advorso
1721 1320 1922 1398 populi
1965 1318 2124 1397 parti-

257 1434 375 1484 um,
404 1414 552 1474 fama
579 1425 767 1475 tamen
793 1417 1126 1494 ⁴¹aequabili
1147 1430 1205 1478 et
1218 1417 1514 1476 inviolata.
1564 1418 1617 1474 Is
1636 1414 1737 1473 ubi
1760 1415 2010 1489 primum
2027 1431 2123 1471 ma·

255 1509 551 1586 gistratum
580 1509 873 1585 ingressus
926 1521 1039 1583 est,
1070 1513 1179 1571 alia
1208 1513 1398 1570 omnia
1424 1512 1534 1569 sibi
1560 1511 1737 1570 ⁴²cum
1779 1510 2004 1584 collega
2050 1525 2124 1564 ra·

257 1609 369 1675 tus,
401 1603 473 1661 ad
502 1604 742 1672 bellum,
773 1607 928 1681 quod
955 1614 1227 1679 gesturus
1255 1614 1403 1672 erat,
1429 1605 1678 1663 animum
1708 1602 1979 1662 intendit·
2033 1599 2124 1673 lgi-

257 1702 354 1777 tug-
380 1696 642 1755 diffidens
674 1700 866 1757 veteri
898 1701 1212 1769 exercitui,
1262 1700 1475 1759 milites
1526 1701 1816 1768 scribere,
1862 1691 2127 1773 praesidia

255 1790 512 1867 undique
543 1810 848 1861 arcessere
875 1813 888 1848 z
933 1812 1113 1861 arma,
1138 1796 1274 1859 tela,
1307 1812 1518 1870 equos,
1545 1802 1744 1852 cetera
1769 1791 2129 1848 iustrumenta

258 1882 497 1941 militiae
551 1902 763 1960 parare
793 1907 806 1942 ε
854 1883 922 1942 ad
981 1885 1092 1942 boc
1149 1897 1535 1943 commeatum
1591 1884 1805 1943 affatim
1832 1905 1846 1941 ε
1891 1882 2126 1957 denique

259 1977 467 2047 omnia,
497 1996 646 2054 quae
689 1977 887 2034 ⁴³bello
912 1977 1074 2033 vario
1132 1987 1193 2032 et
1223 1977 1534 2033 multarum
1565 1995 1763 2034 rerum
1795 1973 1988 2051 egenti
2016 1969 2126 2032 usui

259 2087 389 2127 esse
417 2071 622 2128 solent.
710 2069 995 2127 Ceterum
1019 2068 1132 2124 “ad
1162 2087 1233 2125 ea
1286 2069 1560 2142 patranda
1587 2069 1770 2126 senati
1802 2070 2126 2127 auctoritate

259 2163 401 2221 socii
451 2179 781 2234 nomenque
824 2160 1112 2224 Latinum,
1172 2178 1340 2234 reges
1396 2161 1553 2217 ultro
1608 2160 1819 2218 auxilia
1864 2162 2126 2220 mittere:

258 2245 556 2331 postremo
586 2251 777 2321 omnis>
819 2251 1025 2309 civitas
1056 2270 1280 2309 summo
1323 2249 1516 2310 studio
1567 2252 1951 2310 adnitebatur.
2037 2252 2130 2309 Ita·

260 2365 395 2424 que,
426 2362 499 2401 ex
528 2344 817 2404 sententia
852 2345 1116 2404 omnibus
1147 2348 1325 2404 rebus
1351 2347 1565 2423 paratis
1592 2345 2062 2423 compositisque,
2082 2345 2133 2400 in

259 2437 589 2495 Numidiam
640 2439 1057 2515 proficiscitur,
1086 2459 1288 2515 magna
1314 2459 1423 2517 spe
1451 2441 1691 2510 civium,
1719 2458 1852 2498 cum
1899 2443 2132 2515 propter

257 2532 437 2587 bonas
461 2529 624 2600 artiS‚
656 2540 776 2590 tum
804 2551 1094 2604 maxume,
1124 2536 1277 2611 quod
1302 2536 1613 2594 advorsum
1639 2533 1867 2591 divitias
1895 2532 2132 2600 animum

256 2623 535 2683 invictum
561 2626 804 2697 gerebat
839 2647 854 2695 ;
898 2633 958 2683 et
979 2629 1218 2686 avaritia
1241 2630 1672 2703 magistratuum
1724 2635 1856 2684 ante
1916 2626 1973 2683 id
2003 2636 2144 2696 temg

257 2736 368 2795 pus
396 2718 456 2776 in
487 2716 761 2776 Numidia
801 2727 1034 2779 nostrae
1078 2739 1226 2799 opes
1252 2728 1553 2789 contusae,
1580 2720 1957 2794 hostiumque
2011 2731 2149 2777 aucv

258 2821 351 2873 tae
373 2819 570 2873 erant.
2141 2813 2146 2822 '

337 2907 546 2967 XLIV.
594 2907 735 2979 san,
763 2908 863 2966 ubi
891 2908 948 2966 in
976 2906 1238 2967 Africam
1277 2904 1459 2971 venit,
1489 2902 1783 2961 exercitus
1812 2902 1870 2961 ei
1897 2893 2133 2962 traditur

257 2999 401 3075 ⁴⁵51).
446 3004 636 3063 Albini
667 3023 775 3080 pro
805 3005 1068 3071 consule,
1111 3002 1293 3066 iners,
1331 3000 1605 3068 imbellis,
1635 3016 1828 3075 neque
1872 2994 2131 3077 periculi,

260 3109 452 3171 neque
481 3095 693 3155 laboris
723 3098 968 3173 patiens,
986 3095 1201 3170 lingua,
1225 3112 1395 3171 quam
1417 3112 1608 3165 manu,
1642 3094 1947 3169 promtior,
1974 3107 2133 3170 pras*

182 3218 186 3222 -
261 3188 425 3245 dator
452 3203 525 3243 ex
550 3189 745 3256 sociis,
778 3199 838 3248 et
864 3191 992 3266 ipse
1041 3190 1256 3265 praeda
1287 3189 1558 3256 hostium,
1599 3188 1771 3247 “sine
1799 3186 2050 3265 imperio
2079 3185 2135 3243 et

263 3279 540 3336 modestia
569 3278 814 3337 habitus.
902 3283 989 3341 Ita
1014 3282 1353 3359 imperatori
1383 3301 1534 3340 novo
1564 3283 1694 3359 plus
1726 3301 1799 3340 ex
1829 3277 1990 3338 malis
2019 3293 2130 3338 mo·

266 3366 423 3425 ribus
446 3368 869 3443 sollicitudinis,
894 3392 1063 3448 quam
1089 3393 1165 3434 ex
1183 3376 1353 3451 copia
1380 3374 1621 3435 militum
1647 3373 1868 3447 auxilii,
1900 3379 1995 3431 aut
2016 3364 2134 3449 spei

2137 3725 2150 3768 1
