2259 3875
752 247 1066 310 SALtus‘ru
1097 243 1417 308 Carmina.
1926 253 2004 307 27

136 403 396 476 neaera,
454 405 539 464 uti
592 404 738 465 facto
789 423 934 482 opus
983 404 1077 474 sit,
1133 405 1224 463 ita·
1254 410 1438 480 agant,
1487 404 1781 481 permittit.
1836 402 2002 464 ”Ho-

128 488 317 556 inines
343 497 640 566 militares,
679 498 804 556 sine
851 497 1096 556 tumultu
1147 497 1448 573 praesidiis
1494 497 1808 566 collocatis,
1834 496 2003 557 sicuti

126 596 518 665 praeceptum
557 597 704 658 erat,
751 590 983 647 occulte
1038 598 1276 664 pontem
1330 589 1615 647 obsidunt.
1698 588 2002 666 Postquam

57 705 63 710 ·
126 681 206 738 nd
234 680 294 738 id
322 681 438 739 loci
465 682 634 755 legati
665 699 797 739 cum
826 680 1133 739 Volturcio
1163 700 1406 752 venere,
1435 688 1495 741 et
1518 682 1687 741 simul
1715 681 2005 758 utrimque

124 770 357 830 clamor
375 781 611 832 exortus
639 781 734 830 est
761 794 776 843 3
820 773 996 840 Galli,
1017 772 1134 830 cito
1162 774 1391 849 cognito
1411 774 1673 844 consilio,
1694 774 1819 831 sine
1848 791 2009 832 mora

123 863 499 937 praetoribus
521 884 586 923 se
607 865 857 923 tradunt.
943 862 1273 923 Volturcius
1315 865 1525 941 primo,
1554 867 1884 924 cohortatus
1906 853 2024 922 ce?

123 960 320 1022 teres,
347 956 534 1029 gladio
556 975 621 1013 se
651 976 682 1012 a
711 956 1068 1014 multitudine
1097 957 1354 1017 defendit
1380 978 1395 1028 3
1440 958 1595 1026 dein,
1626 960 1722 1015 ubi
1752 977 1785 1014 a
1809 957 2004 1032 legatis

123 1045 408 1105 desertus
437 1057 549 1115 est,
585 1046 801 1106 ”multa
830 1049 984 1123 prius
1020 1048 1094 1132 de
1122 1050 1308 1106 salute
1338 1068 1438 1106 sua
1465 1048 1785 1108 Pomtinum
1814 1051 2002 1107 obtes-

124 1143 312 1207 tatae,
341 1140 493 1214 quod
519 1132 573 1196 ei
592 1150 761 1197 notus
792 1149 940 1209 erat,
968 1153 1262 1215 postremo
1290 1140 1541 1211 timidus,
1570 1160 1638 1200 ac
1682 1142 1832 1201 vitae
1862 1139 2000 1200 diffi-

124 1231 298 1296 dens,
322 1229 500 1289 veluti
532 1232 812 1301 hostibuS,
834 1250 969 1298 sese
996 1235 1362 1308 praetoribus
1384 1232 1567 1293 dedit.

207 1321 418 1379 XLVI.
466 1325 686 1394 quinus
715 1326 894 1382 rebus
923 1324 1425 1390 confectis,omnia
1442 1344 1696 1402 propere
1722 1345 1833 1402 per
1861 1345 1994 1384 nun·

125 1413 254 1472 cios
283 1415 501 1496 consuli
530 1417 919 1474 declarantur.
1008 1418 1080 1473 At
1100 1418 1264 1473 illum
1294 1419 1494 1491 ingens
1525 1437 1663 1476 cura
1692 1427 1864 1493 atque
1886 1419 2040 1483 lae-2.

123 1506 256 1564 titia
301 1507 468 1565 simul
531 1525 918 1583 occupavere.
1005 1507 1152 1564 Nam
1181 1496 1564 1575 vlaetabi‘mr,
1608 1510 2006 1586 conjuratione
2049 1543 2056 1550 ·
2093 1510 2108 1524 ²

126 1596 442 1676 patefacta,
466 1601 763 1658 civitatem
800 1599 1076 1675 periculis
1109 1609 1372 1672 ereptam
1400 1616 1566 1654 esse:
1613 1617 1790 1673 porro
1918 1614 2010 1656 em

124 1691 331 1748 anxius
356 1700 504 1760 erat,
524 1694 580 1748 in
606 1707 872 1747 maxumo
902 1688 1130 1745 scelere
1160 1687 1326 1743 tantis
1354 1688 1577 1745 civibus
1605 1687 1831 1762 depreh
1910 1685 1984 1745 sis'

125 1784 262 1859 quid
292 1783 448 1841 facto
467 1800 614 1856 opus
643 1805 656 1841 ι
704 1798 947 1854 poenam
989 1780 1221 1839 illorum
1247 1781 1354 1839 sibi
1399 1783 1585 1854 oneri,
1615 1782 2009 1860 impunitatem

70 1867 77 1872 ’
122 1872 510 1951 'ffiperdundae
534 1871 891 1948 reipublicae
911 1874 1205 1932 credebat.
1295 1873 1497 1952 Igitur,
1526 1877 1864 1937 confirmato
1889 1877 2005 1936 ani·

120 1987 243 2036 mo,
273 1965 474 2025 vocari
502 1966 570 2023 ad
594 1984 725 2024 sese
742 1966 915 2043 jubet
944 1967 1276 2035 Lentulum,
1314 1968 1660 2044 Cethegum,
1704 1971 2007 2041 Statilium,

118 2059 461 2129 Gabinium,
512 2059 650 2117 item
678 2059 749 2129 Q.
805 2059 1161 2135 Coe-:parium
1218 2063 1546 2141 quemdam,
1572 2063 2008 2124 ⁷⁶'rerracinena

119 2170 272 2221 sem,
302 2152 399 2227 qui
429 2152 485 2209 in
513 2153 782 2226 Apuliam
800 2151 867 2209 ad
891 2153 1227 2210 concitanda
1248 2154 1485 2210 servitia
1508 2153 1794 2230 proficisci
1843 2172 2006 2228 para‘·

118 2247 223 2304 bat
327 2242 528 2302 Ceteri
558 2263 695 2312 sine,
717 2262 878 2302 mora
935 2246 1177 2303 veniunt
1208 2260 1236 2302 ι’
1270 2243 1625 2322 CoeperiuS,
1654 2246 1849 2320 paullo
1877 2254 2006 2307 ante

114 2339 298 2396 domo
351 2352 641 2413 egressus,
695 2345 924 2409 cognito
970 2337 1206 2404 indicio,
1271 2339 1375 2412 [ex
1415 2337 1592 2411 urbe]
1645 2335 2000 2411 profugerat,

118 2428 361 2501 Consul
402 2426 738 2492 Lentulum,
768 2427 919 2497 quod
967 2434 1204 2496 praetor
1234 2434 1380 2490 erat,
1428 2430 1554 2501 ipse
1602 2443 1770 2487 manu
1804 2436 2005 2496 tenens

113 2520 481 2600 ”perducit3
526 2516 784 2589 reliquos
814 2532 945 2571 cum
972 2515 1302 2574 custodibus
1331 2516 1387 2575 in
1417 2512 1618 2580 aedem·
1645 2510 2006 2588 Conodrdia'e

111 2611 542 2684 venirejubet.
628 2608 713 2663 Eo
760 2613 1017 2666 senatum
1046 2611 1305 2679 advocat,
1331 2604 1686 2692 ”magnaque
1733 2615 2009 2694 fi‘eq‘ueff·

108 2711 200 2768 tia
230 2705 364 2783 ejus
388 2700 622 2767 ordinis,
654 2699 1016 2760 Volturcium
1059 2722 1190 2762 cum
1220 2705 1416 2780 legatis
1444 2709 1795 2769 introducit.
1830 2713 2003 2771 Flac-

114 2819 258 2861 cum
288 2803 618 2873 praetorem
668 2795 943 2853 scrinium
973 2814 1103 2855 cum
1153 2799 1383 2871 litteris),
1428 2822 1568 2880 quas
1616 2824 1651 2862 a
1677 2803 1877 2881 legatis
1908 2818 2000 2864 ac-

112 2899 390 2967 ceperat,
419 2891 624 2949 eodem
648 2887 880 2949 adferre
897 2889 1088 2966 jubet.

199 2982 444 3041 XLVll.
491 2983 871 3044 Vomuncws
909 2987 1351 3061 interrogatus‘
1360 2989 1479 3045 ‘de
1507 2988 1746 3056 itinere,
1791 2986 1864 3047 de
1909 2991 2000 3052 lit·

116 3078 289 3144 teris,
307 3086 605 3151 postremo
626 3079 830 3155 ⁷⁹quicl‚
859 3088 958 3138 aut
995 3099 1109 3156 qua
1154 3079 1225 3136 de
1266 3098 1464 3139 caussa
1511 3079 1735 3138 consilii
1778 3084 2002 3143 habuis

116 3156 308 3227 set'?”
355 3168 542 3242 primo
570 3168 789 3244 fingere
832 3172 964 3240 alia,
1018 3170 1381 3229 dissimulare
1436 3171 1509 3227 de
1552 3175 1996 3249 conjuratione

113 3266 280 3336 post,
323 3259 420 3316 ubi
447 3259 601 3317 ⁸⁰fide
630 3262 861 3336 publica
887 3263 1086 3321 dicere
1123 3261 1322 3337 jussus
1350 3269 1462 3331 est,
1500 3265 1709 3332 omnia,
1738 3263 1821 3318 uti
1844 3270 2001 3335 gesta

117 3358 319 3421 erant,
350 3353 578 3428 aperit.
627 3354 891 3430 “paucis
914 3364 1044 3415 ante
1066 3355 1270 3414 diebus
1298 3374 1332 3412 a
1351 3354 1596 3413 Gabinio
1625 3360 1685 3412 et
1707 3342 1999 3427 coeptu-‘10
