2259 3875
720 237 1038 319 Sucuszru
1067 234 1406 297 Judu‘a'nn.
1886 234 1994 291 129

135 394 224 452 ne,
276 386 518 461 multum
547 393 605 445 et
632 385 992 444 familiariter
1032 387 1238 460 agebat
1262 407 1278 443 ε
1307 384 1660 462 praemissus
1686 383 1759 441 ab
1780 381 1995 459 Jugur—

134 468 253 544 tha,
271 484 573 554 postquam
619 478 833 536 Sullam
863 478 1114 537 accitum
1154 477 1437 542 audierat.
1483 477 1744 547 ¹¹orator,
1774 484 1836 535 et
1861 479 1995 536 sub-

132 560 255 625 dole
280 571 645 644 speculatum
675 571 891 631 Bocchi
920 570 1160 628 consilia
1190 592 1212 626 :⁷
1249 576 1560 644 praeterea
1593 568 1808 633 Dabar.
1840 567 1990 626 Mas-

130 661 405 733 sugradae
448 661 619 731 filius,
638 660 649 677 ‘¹
670 679 742 720 ex
780 671 958 737 gente
1007 661 1372 727 Masinissae,
1420 669 1689 718 ceterum
1736 668 1996 719 materno

131 769 350 826 genere
381 754 570 830 impar
593 776 608 826 ;
656 763 825 831 pater
851 755 977 831 ejus
1002 773 1075 811 ex
1105 753 1428 811 concubina
1453 763 1614 810 ortus
1637 760 1763 811 erat
1786 773 1802 823 ;
1832 751 1997 810 Mau·

128 858 191 900 ro
219 846 297 902 ob
323 846 539 920 ingenii
571 848 759 904 ‘multa
778 849 930 904 bona
954 865 1127 904 carus
1176 856 1570 920 acceptusque
1597 845 1815 920 1²quem
1844 843 2000 904 Boc·.

127 936 270 993 chus
299 937 477 995 fidum
505 940 696 995 multis
722 947 889 997 antea
916 939 1358 1014 tempestatibus
1400 945 1702 1011 expertus,
1744 937 1901 994 illico
1928 936 1999 996 ad

125 1026 350 1085 Sullam
378 1031 715 1086 nunciatum
739 1030 927 1097 mittit,
972 1039 1009 1064 ‘⁴
1036 1041 1297 1104 paratum
1320 1048 1453 1086 sese
1467 1027 1688 1103 facere,
1712 1042 1861 1104 quae
1891 1047 1998 1104 po·

124 1120 299 1193 pulus
356 1118 648 1178 Romanus
698 1123 880 1189 vellet
905 1144 920 1178 z
966 1123 1256 1194 colloquio
1301 1121 1475 1200 diem,
1523 1121 1737 1188 locum,
1766 1127 1996 1195 tempus

124 1209 250 1284 ipse
311 1211 600 1285 dilegeret
626 1233 641 1269 z
697 1213 1000 1271 ¹³consuita
1045 1232 1175 1271 sese
1218 1214 1407 1271 omnia
1454 1231 1585 1270 cum
1631 1213 1731 1270 ino
1772 1213 1998 1288 integra

124 1302 345 1361 habere
373 1327 387 1362 z
420 1323 533 1362 neu
560 1305 882 1380 Jugurthae
906 1309 1156 1379 legatum
1194 1308 1679 1381 pertimesceret:
1710 1305 1988 1366 ¹⁴cautum

130 1400 256 1452 esse
285 1404 398 1470 quo
428 1415 526 1453 res
556 1400 872 1453 communis
903 1400 1170 1465 licentius
1201 1411 1515 1469 gereretur
1544 1402 1562 1464 ξ
1603 1416 1732 1453 uam
1760 1399 1831 1452 ab
1859 1399 1994 1453 insi-

129 1485 228 1542 diis
260 1486 388 1561 ejus
414 1487 584 1543 aliter
611 1487 811 1545 caveri
843 1482 1247 1560 nequivisse.”
1331 1488 1450 1543 Sed
1488 1505 1598 1559 ego
1638 1487 1994 1559 comperior,

131 1575 430 1635 Bocchum
457 1579 632 1657 magis
661 1576 922 1633 ¹‘’‘Punica
944 1576 1078 1639 fide,
1109 1592 1281 1646 quam
1322 1579 1396 1635 ob
1425 1595 1574 1651 quae
1603 1577 1994 1650 praedicabat,

127 1668 290 1725 simul
312 1667 598 1725 Romanos
615 1677 674 1725 et
697 1667 746 1722 N
757 1665 1001 1723 umidam
1024 1684 1128 1740 spe
1156 1667 1310 1738 pacis
1326 1667 1702 1723 madtinuisse.
1728 1668 1992 1726 multum-

66 1824 69 1831 <
128 1777 241 1835 que
267 1778 400 1817 cum
428 1760 616 1816 animo
646 1777 751 1815 suo
776 1761 1016 1815 volvere
1047 1756 1301 1825 solitum,
1330 1757 1365 1811 J
1372 1763 1673 1829 ugurtham
1702 1758 1995 1831 Romanis,

131 1869 197 1908 au
230 1851 325 1926 iui
337 1852 551 1908 Sullam
579 1851 896 1962 traderet:
928 1850 1245 1926 lubidinem
1273 1850 1581 1909 advorsum
1622 1870 1749 1919 nos,
1772 1860 1994 1925 metum
2031 1884 2039 1893 ·
2096 1925 2101 1931 ι

131 1962 239 2020 pro
268 1923 432 2002 nobis
459 1942 747 2004 suasisse

45 2033 49 2037 ’
195 2035 360 2094 CIX.
405 2037 617 2096 Iovruss
659 2013 816 2096 Sulla
863 2040 1209 2115 respondit:
1254 2050 1507 2114 “pauca
1552 2058 1616 2098 se
1662 2058 1857 2099 coram
1887 2042 1990 2100 As·

132 2146 276 2203 pare
309 2130 682 2206 locuturum3
713 2138 914 2190 cetera
941 2134 1197 2198 occulte,
1221 2140 1317 2191 aut
1343 2132 1524 2195 nulio,
1544 2140 1640 2187 aut
1662 2150 1830 2207 quam
1852 2151 1991 2207 pau-

122 2221 383 2278 cissumis
408 2224 853 2318 praesentibus
839 2224 1364 2302 ’I-simussedocen
1386 2241 1592 2300 quae
1569 2222 1972 2292 responde-con
1972 2243 2020 2268 f

112 2316 237 2365 tur.
310 2311 640 2379 Postquam,
665 2305 833 2361 sicuti
865 2306 1151 2362 vetuerat
1182 2310 1499 2381 congressi,
1522 2307 1681 2365 dicit.
1711 2315 1751 2341 ‘⁶
1737 2317 1837 2364 ‘se
1860 2311 1991 2369 mis-

117 2415 246 2456 sum
274 2418 308 2453 a
334 2398 574 2453 consule
629 2395 859 2451 venisse
888 2399 1212 2469 quaesitum
1242 2398 1313 2451 ab
1352 2414 1448 2464 eo,
1500 2416 1726 2471 pacem,
1768 2417 1840 2455 au
1870 2402 1990 2460 bet-

115 2488 577 2563 lumagitaturus
620 2485 839 2542 soret.’'
927 2485 1082 2542 Tum
1125 2504 1253 2552 rex,
1299 2486 1379 2544 uti
1432 2501 1832 2565 praeceptum,
1860 2503 1992 2569 post

96 2581 273 2640 diem
299 2581 588 2637 decimum
620 2577 814 2633 redire
833 2575 1008 2651 jubet
1034 2600 1052 2643 ς
1097 2597 1185 2642 ac,
1217 2579 1357 2634 nibil
1402 2580 1572 2637 etiam
1609 2602 1758 2643 nunc
1782 2587 1986 2647 decre-

96 2675 297 2738 -visse‚
345 2672 447 2727 sed
497 2671 596 2727 illo
637 2670 729 2727 die
776 2661 1231 2744 responsurumt
1277 2672 1485 2730 deinde
1532 2676 1701 2734 ambo
1744 2679 1843 2736 ¹⁷in
1884 2700 1990 2737 sua

115 2774 307 2824 castra
353 2763 614 2836 digressi.
701 2764 836 2829 Sed,
889 2763 982 2820 ubi
1043 2766 1388 2841 plerumque
1443 2756 1626 2826 noctis
1682 2771 1987 2844 processit,

116 2856 275 2912 S‘ulla
302 2875 334 2912 a
362 2855 598 2914 Boccho
625 2858 856 2925 occulte
885 2856 1201 2916 arcessitur
1227 2879 1241 2914 ι
1275 2860 1345 2915 ab
1373 2870 1623 2935 utroque
1652 2868 1987 2916 tantummo-

118 2946 192 3004 do
220 2947 315 3005 fidi
361 2949 716 3025 interpretes
761 2950 1152 3007 adhibentur.
1196 2963 1506 3024 praeterea
1539 2953 1733 3007 Dabar
1760 2948 1982 3007 ¹⁸inter-
2037 2971 2041 2976 ’

116 3041 380 3104 nuncius
402 3051 629 3098 sanctus
661 3043 752 3099 vir
778 3051 838 3098 et
862 3059 936 3098 ex
958 3042 1245 3098 sententia
1269 3042 1606 3100 ¹⁹ambobus.
1685 3040 1770 3096 Ac
1798 3042 1986 3099 statim

118 3130 201 3188 sic
225 3151 330 3189 rex
354 3132 576 3206 incipit.

194 3223 318 3279 CX.
366 3223 728 3289 “Numam
758 3243 866 3298 ego
895 3232 1053 3282 ratus
1081 3244 1207 3283 sum
1237 3225 1386 3291 fore,
1414 3222 1495 3280 uti
1530 3239 1634 3278 rex
1677 3235 1977 3280 maxumus

117 3314 179 3371 in
210 3315 314 3377 hac
343 3325 524 3391 terra,
541 3317 644 3377 ²⁰et
675 3317 946 3386 omnium,
972 3336 1115 3393 quos
1147 3316 1305 3387 novi,
1340 3313 1829 3391 opulentissimus,
1861 3309 1979 3386 pri-
